2798 4980
595 312 792 383 -3-

107 508 153 573 his
172 507 376 577 carminibus
399 531 450 576 res
474 531 556 592 quae
577 518 717 594 aguntur
739 512 913 577 maximam
936 511 1065 595 quidem
1081 519 1214 598 partem
1238 513 1281 578 ab

101 617 300 698 argumento
317 620 416 683 totius
431 617 561 682 fabulae
578 618 674 701 plane
690 618 813 684 alienas
829 638 910 700 esse,
927 618 960 682 id
975 619 1061 700 quod
1077 615 1291 699 carminibus,

111 739 190 805 quae
205 724 316 788 scenis
331 725 414 788 inter
437 743 472 790 se
496 723 679 789 dividendis
695 725 880 808 inserviunt,
906 725 1107 810 aptissimum
1124 733 1183 791 θεῖ.
1207 745 1282 788 nam

111 832 142 895 in
157 828 184 892 A
200 827 279 893 inde
297 852 318 895 a
333 853 363 896 v.
380 831 444 896 843
468 838 499 895 θῖ
522 829 556 894 iu
568 831 619 895 Av
634 830 710 895 inde
729 852 750 895 a
765 853 796 897 v.
816 833 901 896 1413
926 851 999 896 oum
1023 831 1190 916 alii-multi
1214 838 1283 895 tum

113 938 308 1020 Cleonymus
319 937 474 1022 illuditur,
491 937 519 1002 L
534 937 594 1003 781
611 937 651 1002 de
663 938 845 1004 Melanione
869 945 901 1002 et
914 939 1049 1003 Timone
1065 938 1196 1003 fabulae
1211 958 1284 1002 nar-

114 1052 230 1110 rantur.
277 1044 441 1129 praeludit
467 1045 559 1126 quasi
589 1044 731 1109 carmine
760 1044 862 1128 lyrico
892 1053 990 1129 pocta
1014 1046 1043 1109 R
1067 1045 1146 1129 814;
1178 1063 1284 1126 neque

114 1151 196 1217 enim
219 1151 328 1217 verbis
352 1152 454 1217 solum
478 1150 694 1235 amplissimis,
719 1151 896 1217 sedetiam
919 1152 1060 1217 numeris
1084 1150 1285 1235 gravissimis

115 1259 280 1344 (dactylis)
304 1278 403 1324 scena
419 1259 666 1340 quaersequitur
690 1265 865 1343 (certamen
884 1259 1037 1344 Aeschyli
1058 1265 1091 1323 et
1105 1259 1285 1344 Euripidis)

114 1373 352 1451 praeparatur⁸¹
384 1365 427 1430 ad
444 1366 581 1430 eundem
600 1366 695 1430 finem
711 1386 810 1431 scena
827 1385 910 1448 quae
927 1365 1092 1431 antecedit
1115 1364 1287 1431 referenda

116 1479 164 1537 θεῖ
187 1472 262 1536 inde
287 1493 307 1536 a
330 1494 361 1538 v.
380 1472 454 1555 738,
479 1493 544 1555 qua
559 1473 719 1538 Xanthias
742 1474 784 1537 ab
801 1473 878 1539 Orci
893 1473 1024 1538 ostiario
1045 1472 1086 1536 de
1110 1471 1287 1538 certamine

116 1578 269 1663 Aeschyli
294 1585 327 1643 et
349 1578 524 1663 Euripidis,
550 1599 614 1660 qua
642 1578 683 1643 de
707 1599 807 1645 causa
837 1587 869 1643 et
900 1578 1060 1660 quomodo
1090 1579 1286 1660 instituatur,

116 1684 261 1750 docetur.
279 1724 319 1734 -
337 1685 449 1750 similis
479 1692 528 1750 cst
553 1685 670 1750 Avium
694 1705 792 1750 scona
815 1707 845 1751 v.
874 1686 1057 1767 1118-88,
1083 1705 1147 1767 qua
1170 1706 1288 1750 novam

115 1792 223 1857 avium
258 1791 368 1857 urbem
402 1791 482 1857 dous
517 1791 646 1873 quidam
680 1792 839 1858 invasisse
873 1793 1054 1877 nuntiatur,
1090 1799 1123 1856 et
1158 1811 1290 1857 carmen

117 1900 234 1984 1189¹)
267 1899 373 1984 (oda),
404 1919 467 1980 quo
499 1919 576 1964 aves
606 1899 682 1963 belli
712 1901 825 1964 timore
855 1899 1046 1984 perterritae
1077 1900 1200 1965 hostem
1234 1919 1289 1963 ex-

115 2012 279 2091 spectant3
318 2005 435 2070 deiude
468 2006 555 2070 Iride
588 2007 725 2090 expulsa
762 2013 804 2091 (r.
837 2007 1068 2090 1196-1‘261)
1099 2027 1176 2071 aves
1212 2025 1291 2088 gau-

116 2113 195 2178 dent
219 2113 360 2178 carmine
386 2114 471 2178 1262
496 2112 653 2197 (antoda).
680 2153 718 2162 —-
745 2114 874 2179 chorico
898 2116 926 2178 A
951 2115 1016 2179 568
1039 2113 1224 2178 Lamachus
1248 2112 1290 2176 ab

116 2221 221 2285 altero
245 2219 439 2285 hemiohorio
456 2221 579 2284 aurdlio
600 2227 744 2305 vocatur,
762 2221 848 2303 quod
869 2221 911 2286 ad
933 2241 1000 2285 rem
1016 2241 1112 2305 porro
1129 2219 1292 2303 agendam

120 2344 341 2410 necessarium
366 2351 445 2410 erat.

230 2450 366 2516 Reoedit
394 2451 520 2532 chorus,
544 2458 579 2515 ut
607 2451 770 2516 actoribus
799 2452 939 2536 spatium
968 2452 1134 2538 praebeat,
1164 2451 1193 2515 R
1216 2451 1293 2534 448,

121 2566 297 2640 antequam
321 2578 406 2622 nova
421 2577 473 2623 res
490 2565 616 2642 agatur,
634 2558 720 2640 quod
741 2558 837 2624 certis
853 2559 961 2624 verbis
978 2559 1098 2624 dictum
1116 2565 1164 2623 cst
1180 2579 1210 2623 v.
1227 2558 1293 2622 448

121 2671 301 2746 χωρῶμεν.
321 2715 327 2729 .
346 2687 368 2748 .;
394 2672 443 2730 θεῖ
466 2673 574 2730 autem
601 2665 673 2731 finis
700 2666 826 2751 parodi.
873 2668 901 2731 A
925 2668 990 2733 385
1019 2667 1134 2731 chorus
1158 2665 1294 2730 Dicaeo-

122 2772 224 2858 polidi
249 2771 437 2856 Euripidem
461 2771 604 2856 adeunti,
635 2774 664 2837 V
689 2775 774 2839 1518
798 2773 995 2838 Philocleoni
1024 2792 1096 2838 oum
1125 2771 1295 2838 Carcinitis

123 2880 282 2944 saltatum
313 2877 410 2944 cedit.
457 2878 601 2944 similiter
632 2878 673 2944 de
706 2880 734 2943 V
763 2881 824 2944 291
858 2879 1066 2944 iudicandum
1097 2878 1172 2964 erit,
1208 2879 1318 2960 quod

124 3004 254 3051 carmen
279 2984 322 3050 ad
341 2985 553 3051 removendos
574 3006 691 3071 pueros
708 2986 888 3052 adhibitum
906 3007 977 3053 esse
999 2993 1146 3072 apparet.
1185 3005 1295 3050 neces-

125 3092 223 3158 sitate
245 3091 344 3174 igitur
367 3092 518 3176 quadam,
543 3092 620 3174 quia
643 3093 759 3158 chorus
789 3114 852 3158 non
883 3093 944 3159 nisi
976 3101 1110 3159 cantans
1141 3092 1297 3158 recodere

125 3204 244 3284 potest,
270 3205 402 3264 coactus
425 3205 522 3283 poeta
546 3218 674 3263 carmen
699 3199 749 3264 his
772 3200 851 3266 loeis
876 3199 1020 3283 inseruit.

235 3305 354 3370 Similis
383 3305 570 3390 necessitas,
601 3325 684 3387 quae
714 3306 819 3390 magis
849 3307 946 3372 etiam
979 3308 1094 3388 elucet,
1124 3305 1298 3372 statuenda

127 3418 178 3478 est
212 3412 252 3477 iis
284 3410 379 3495 locis,
408 3410 463 3476 ubi
495 3432 547 3476 res
579 3411 727 3495 agendae
760 3419 816 3477 aut
847 3432 1009 3496 nunquam
1045 3413 1078 3477 in
1112 3432 1210 3479 scena
1243 3413 1299 3494 agi

128 3526 275 3604 possunt,
299 3525 334 3582 ut
357 3517 516 3608 actionem
539 3518 728 3604 interrumpi
752 3538 885 3585 neccsse
909 3520 960 3605 sit,
993 3527 1049 3585 aut
1073 3530 1207 3606 possunt
1231 3523 1299 3602 qui-

129 3625 203 3691 dem
234 3625 293 3690 sed
326 3644 384 3689 eae
417 3631 505 3707 sunt,
540 3644 623 3707 quae
655 3625 797 3691 carmine
828 3626 921 3708 quasi
953 3626 1036 3691 duee
1067 3634 1195 3710 egeant.
1241 3626 1299 3692 scd

128 3731 272 3813 singulos
288 3731 378 3796 locos
393 3731 571 3818 videamus,
593 3753 631 3797 ao
654 3732 790 3816 primum
812 3731 941 3814 quidem
958 3752 1023 3817 eos,
1046 3733 1163 3815 quibus
1181 3734 1301 3798 lacuna

129 3839 324 3922 necessaria,
349 3845 384 3902 ut
407 3839 454 3903 ita
477 3838 594 3923 dicam,
619 3841 776 3924 expletur.

237 3946 275 4012 A.
300 3967 331 4011 v.
354 3947 439 4010 1143
462 3946 646 4012 Lamachus
669 3946 713 4012 ad
736 3947 866 4032 bellum,
891 3947 1098 4035 Dicaeopolis
1122 3948 1164 4013 ad
1189 3949 1302 4033 epulas

130 4052 261 4118 abeunt.
285 4051 421 4116 redeunt
435 4052 489 4117 ille
504 4053 631 4118 saucius
655 4075 685 4120 v.
705 4055 800 4138 1190,
825 4054 877 4118 hic
893 4062 987 4140 potus
1004 4077 1034 4121 v.
1058 4057 1153 4121 1198.
1178 4062 1304 4140 tompus

130 4159 230 4242 igitur
252 4157 459 4223 intercedere·
477 4159 627 4245 debebat,
653 4181 715 4242 quo
740 4161 794 4225 ille
817 4181 963 4246 pugnare
979 4161 1032 4225 hic
1052 4168 1167 4246 potare
1182 4169 1303 4246 posset.

240 4373 262 4444 ¹)
283 4374 328 4431 De
347 4378 481 4431 numeris
501 4393 528 4429 v.
549 4393 618 4447 pag.
639 4376 681 4431 37.

1201 4465 1233 4521 1ss
