2798 4980
653 308 869 378 ..14-

135 548 139 564 .
180 507 275 594 plano
297 506 400 574 simile
424 514 472 572 est
495 509 749 573 1111111929
768 539 804 567 .-.
824 509 899 592 940,
917 508 958 574 (11
983 528 1044 590 quo
1069 531 1143 574 mox
1169 509 1291 574 dicam.
1310 546 1343 556 -

181 615 304 699 epodus
327 614 384 679 illa
406 616 540 680 recurrit
563 616 595 679 in
618 617 758 680 carmine
782 617 952 693 tiburcium
969 617 999 680 Τ
1018 619 1091 701 101,
1115 618 1171 682 ubi
1196 621 1345 699 quattuor

180 721 329 806 strophis,
355 741 489 803 quarum
512 741 576 785 uua
600 741 747 803 quaeque
768 742 809 785 11
834 721 987 806 11111111)
1014 722 1195 805 Agathonis
1215 729 1249 787 et
1266 720 1345 785 senis

180 827 268 893 chori
281 817 393 893 ionicis
406 833 542 910 constat,
556 826 758 910 subiungitur
771 826 896 912 epodus
911 835 984 893 octo
998 827 1177 911 Agathonis
1190 834 1224 892 et
1236 825 1346 890 decem

180 935 268 998 chori
298 933 482 999 ionicorum.
511 933 702 1017 -epodus
732 932 893 1015 quaedam
925 933 1191 1000 antecedentibus
1222 933 1346 999 duabus

179 1040 319 1126 strophis
342 1039 559 1105 consimilibus
582 1040 785 1123 subiungitur
808 1041 904 1104 etiam
930 1041 956 1104 P
980 1041 1045 1105 856
1064 1071 1100 1099 =
1120 1042 1195 1124 910,
1220 1040 1278 1105 ubi
1301 1040 1347 1106 his

178 1154 286 1213 ternos
309 1146 484 1230 glyconeos
508 1146 698 1230 (subiunctis
725 1146 860 1229 singulis
884 1146 1028 1230 Trygaei
1051 1149 1249 1212 tetrametris
1273 1148 1347 1210 iam-

178 1252 272 1337 bicis)
308 1260 484 1335 sequuntur
520 1255 558 1318 11
595 1253 693 1318 iambi
728 1253 872 1338 Trygaei
904 1254 1131 1336 (antecedente
1160 1261 1346 1319 tetrametro

178 1359 317 1424 iambico
341 1344 454 1444 chori).
497 1366 598 1425 totum
621 1360 719 1444 igitur
738 1360 800 1425 hoc
821 1380 951 1426 carmen
973 1361 1096 1426 stasimi
1123 1360 1348 1445 perfectissimi

179 1465 321 1550 speciem
336 1467 484 1551 praebet3
502 1466 658 1532 hahemus
670 1467 753 1531 enim
769 1466 934 1551 stropham
947 1466 1183 1551 antistrophum
1197 1466 1346 1553 epodum.

179 1613 223 1621 -
253 1572 349 1658 plane
379 1574 490 1639 similis
519 1582 568 1640 est
596 1574 687 1664 locus
717 1575 746 1638 A
776 1576 841 1640 929
859 1607 900 1630 =
915 1575 969 1658 40,
1000 1574 1056 1639 ubi
1089 1574 1171 1640 duas
1196 1574 1348 1659 periodos

181 1685 387 1763 septenorum
410 1679 588 1745 iamborum
608 1680 715 1765 (quasi
739 1680 904 1765 stropham
928 1686 960 1744 11
984 1680 1232 1765 antistrophum)
1254 1680 1349 1747 inter-

179 1784 285 1850 missis
311 1784 437 1852 duobus
462 1786 606 1853 dimetris
637 1786 783 1852 iambicis
812 1787 1021 1870 catalecticis‚
1052 1787 1093 1852 de
1127 1788 1242 1869 quibus
1275 1807 1349 1851 mox

179 1890 295 1975 dicam,
320 1893 464 1974 sequitur
486 1893 639 1978 periodus
662 1895 765 1977 octo²)
790 1894 967 1958 iamborum
993 1895 1098 1977 (quasi
1122 1894 1271 1978 epodus).

286 1999 474 2074 Breviorum
497 2000 623 2065 illorum
647 2000 885 2085 versiculorum,
911 2020 991 2081 quos
1014 2001 1098 2065 inter
1114 2001 1266 2086 periodos
1285 2001 1351 2066 lon-

180 2106 288 2189 giores
311 2106 511 2173 intercedere
534 2107 630 2173 modo
654 2107 792 2173 vidimus
816 2108 854 2174 A.
879 2130 909 2173 v.
934 2108 999 2173 936
1022 2128 1069 2189 sq.
1091 2139 1127 2167 =
1147 2131 1177 2174 v.
1201 2110 1265 2174 941
1291 2129 1350 2191 sq,

181 2215 347 2296 egregium
380 2215 562 2299 exemplum
594 2214 754 2279 invenitur
785 2215 817 2277 in
851 2215 991 2278 carmine
1024 2215 1050 2278 P
1083 2215 1178 2280 1329.
1225 2215 1352 2280 duobus

164 2321 264 2401 venim
287 2320 368 2386 locis
392 2321 611 2388 intercedunt:
635 2321 773 2406 primum
797 2343 826 2387 v.
854 2301 1038 2406 1339-42,
1060 2322 1115 2386 ubi
1139 2322 1256 2404 singuli
1280 2322 1353 2406 gly-

185 2426 276 2491 conci
300 2426 449 2511 acephali
473 2427 656 2492 catalectici
680 2428 824 2512 Trygaci
852 2449 873 2492 a
902 2428 1036 2511 singulis
1068 2428 1156 2492 chori
1187 2429 1236 2494 bis
1267 2429 1354 2493 exci-

184 2533 314 2618 piuntur
339 2537 369 2618 (1
383 2566 390 2580 ·
403 2534 418 2596 1
432 2565 454 2595 n
475 2535 580 2617 1·1·)
612 2541 709 2615 atquc
740 2532 865 2599 duobus
896 2534 1114 2619 superioribus
1142 2534 1354 2616 interrogatio

186 2639 858 2730 ρο111111111111111ρο11111111111111),
890 2639 1061 2706 (1111(111.
1088 2641 1273 2725 1353-55,
1299 2641 1355 2705 ubi

293 2856 315 2926 1)
334 2855 367 2910 V.
388 2855 439 2910 103
459 2860 490 2908 et
512 2871 540 2908 v.
560 2853 610 2908 121
631 2855 764 2924 corrupti
783 2859 868 2920 sunt(
893 2870 921 2906 ν.
941 2853 994 2908 114
1013 2870 1055 2924 sq.
1080 2856 1170 2909 unius
1194 2859 1282 2911 metri
1306 2857 1356 2912 de-

186 2948 299 3000 fectum
318 2949 459 3000 statuam.
493 2983 496 2988 .

292 3034 316 3100 ²)
336 3033 370 3088 V.
398 3033 451 3086 939
479 3049 547 3087 cum
575 3032 712 3086 Kaibelio
745 3037 813 3103 post
841 3031 885 3085 καὶ
914 3034 988 3088 κύλιξ
1017 3035 1187 3088 necessario
1216 3035 1356 3091 defectus

187 3125 277 3177 unius
303 3123 395 3177 iambi
421 3123 601 3176 statuendus
628 3126 686 3188 est3
713 3123 856 3175 traditum
881 3123 961 3176 enim
987 3127 1034 3176 est
1058 3124 1089 3175 in
1115 3124 1218 3177 codice
1242 3124 1357 3191 (11)καὶ

186 3213 260 3267 κύλιξ
285 3211 329 3264 καὶ
354 3209 492 3277 πράγματ’
516 3212 692 3276 ἐγκυκᾶσθαι.
730 3213 760 3264 11
787 3212 974 3281 antistropho
1000 3228 1028 3263 v.
1054 3211 1106 3265 948
1132 3229 1185 3283 pro
1210 3213 1358 3279 συνθέριζε

187 3301 378 3354 scribendum
397 3304 443 3355 est
462 3304 513 3353 νῦν
534 3301 631 3366 capue.

293 3390 316 3457 8)
336 3390 450 3444 Iniuria
469 3389 643 3444 Dindorfius
657 3391 815 3444 seclusisse
829 3390 882 3443 hos
896 3405 1003 3444 versus
1016 3392 1088 3444 mihi
1101 3392 1234 3459 videtur3
1254 3408 1357 3462 neque

187 3480 297 3550 inepte,
316 3483 477 3550 postquam
496 3477 656 3549 Trygaeus
674 3484 800 3549 nuptam
821 3494 908 3532 suam
933 3481 1097 3550 appellavit
1122 3481 1256 3552 (stropha
1277 3483 1304 3544 1(
1326 3488 1358 3537 et

188 3569 297 3622 chorus
316 3569 400 3622 illum
422 3569 559 3642 laudavit
583 3568 716 3638 (stropha
741 3567 778 3636 2),
804 3569 960 3637 quaeritur
986 3570 1058 3638 quid
1077 3572 1136 3623 iam
1155 3571 1208 3624 fiat
1233 3577 1359 3641 nuptae.

187 3659 316 3711 fortasse
334 3672 406 3710 vero
426 3672 521 3710 unum
535 3655 669 3727 Trygaci
682 3671 803 3710 versum
817 3656 855 3710 ab
869 3672 930 3712 uno
945 3658 1027 3711 chori
1041 3660 1138 3729 excipi
1158 3660 1356 3714 statuendum

188 3746 298 3814 (1·1·)
318 3750 349 3800 et
368 3746 559 3800 scribendum
579 3750 624 3799 est

560 3835 611 3887 ΤΡ.
630 3834 657 3887 τί
677 3835 819 3900 δράσομεν
838 3835 941 3901 abarim

469 3943 472 3947 ’
561 3924 615 3980 ΧΟ.
634 3924 813 3990 τρυγήσομεν
832 3924 930 3990 αὐτήν.

188 4016 387 4086 interrogatio
407 4020 438 4070 et
456 4016 610 4085 responsio
630 4015 803 4069 continetur
822 4015 912 4068 etiam
932 4013 967 4068 A.
987 4031 1015 4067 v.
1033 4015 1086 4068 930
1106 4031 1148 4084 sq.

509 4103 564 4156 ΧΟ,
583 4103 609 4157 τί
629 4103 763 4171 χρήσεταί
781 4102 844 4156 ποτ’
864 4105 955 4173 obruis

509 4194 551 4245 ΔΙ.
571 4193 755 4259 πάγχρηστον
775 4194 859 4258 ἄγγος
879 4194 956 4247 ἔσται
975 4196 1031 4247 κτλ.

190 4285 326 4339 similiter
351 4282 386 4337 A.
406 4299 433 4336 v.
454 4281 523 4336 1208
543 4296 585 4350 sq.
623 4282 683 4335 duo
703 4281 820 4335 dimetri
839 4282 959 4336 iambici
978 4284 1135 4337 11111011
1155 4285 1240 4354 paria
1259 4286 1359 4339 trime-

191 4379 304 4428 trorum
326 4373 494 4443 interpositi
513 4376 593 4438 sunt,
617 4371 727 4440 quibus
746 4369 917 4426 Lamachus
940 4377 971 4426 et
990 4372 1181 4444 Dicaeopolis
1208 4374 1360 4428 11111111-
