2798 4980
658 297 858 373 ...μ

173 496 316 589 singulos
340 525 451 571 versus
468 505 650 590 anteposita
668 506 776 570 littera
792 526 822 571 ν.
840 503 1040 587 significabo
1057 503 1145 568 velut
1163 501 1200 568 Α.
1218 523 1249 567 ν.
1268 496 1344 565 263.

173 612 394 695 significantur
418 619 525 677 autem
549 612 679 678 litteris:

333 736 361 799 Α
407 735 632 800 Acharnenses
846 736 896 799 Αν
919 735 1006 799 Aves

333 843 383 923 Eq
406 842 540 923 Equites
846 842 873 905 L
918 841 1103 925 Lysistrata

333 950 362 1016 N
408 950 519 1016 Nubes
847 951 874 1012 T
921 948 1278 1033 Thesmophoriazusae

334 1057 362 1120 V
409 1057 537 1141 Vespae
848 1057 877 1119 R
923 1057 1036 1119 Ranae

333 1165 359 1227 P
406 1165 476 1227 Pax
850 1163 877 1226 Ε
924 1163 1181 1228 Ecclesiazusae.

254 1449 366 1532 ouibus
392 1451 466 1516 loeis
491 1467 579 1533 quem
605 1451 642 1514 ad
666 1450 755 1515 tinem
781 1451 915 1515 earmina
939 1450 1032 1532 lyrica
1057 1450 1172 1514 inserta
1196 1450 1266 1515 sint.

279 1587 314 1652 Si
335 1610 355 1652 a
375 1588 498 1673 paredo
520 1609 541 1652 a
562 1587 714 1672 parabasi
739 1588 780 1651 ab
797 1587 901 1651 exodo
919 1586 1117 1668 discesseris,
1142 1587 1250 1651 multis
1272 1586 1346 1651 aliis

84 1743 85 1746 ,
173 1695 253 1759 locis
285 1695 401 1760 chorus
436 1702 560 1780 cantat,
592 1715 672 1776 quos
702 1694 729 1759 si
763 1694 946 1759 accuratius
979 1694 1229 1776 examinaveris,
1264 1693 1345 1758 satis

173 1801 298 1885 patebit
321 1821 384 1882 quo
408 1802 540 1866 oonsilio
564 1801 625 1865 hoe
648 1801 719 1865 loco
745 1801 888 1865 earmina
910 1801 1033 1866 inserta
1056 1801 1129 1868 sint.

280 1907 345 1973 Sed
370 1909 557 1992 priusquam
581 1908 624 1973 ad
648 1929 714 1972 rem
739 1908 944 1991 accedamus,
962 1929 1084 1992 agones
1109 1928 1189 1989 quos
1211 1907 1346 1972 Zielins-

172 2015 247 2080 kirrs
282 2015 314 2078 in
349 2015 431 2080 libro
467 2016 553 2097 quod
589 2014 773 2080 inscribitur
803 2014 1014 2097 ‘Glicderuug
1047 2015 1104 2080 der
1137 2014 1345 2079 altattischen

173 2121 341 2186 Kombdie'
356 2122 484 2187 vocavit
504 2122 699 2205 segregandi
721 2128 803 2207 sunt,
826 2121 879 2186 ubi
899 2121 931 2184 in
950 2121 1034 2186 ‘oda'
1058 2121 1174 2186 chorus
1195 2120 1345 2205 procedit

173 2228 205 2292 in
238 2227 379 2292 ‘antoda’
411 2228 543 2310 recedit.
587 2230 701 2310 Neque
734 2228 823 2292 aliud
863 2228 1034 2310 quiequam
1069 2228 1116 2293 bis
1150 2227 1345 2313 carminibus

173 2335 256 2398 effici
280 2334 407 2400 videtur
430 2335 491 2400 nisi
512 2342 546 2399 ut
569 2355 695 2419 scenae,
716 2354 800 2418 quae
821 2335 901 2400 odas
922 2341 1107 2419 sequuntur,
1125 2334 1208 2399 inter
1223 2355 1296 2399 sese
1312 2342 1345 2399 et

173 2441 408 2524 coniungantur
432 2449 463 2507 et
487 2441 733 2526 distinguantur.
776 2442 839 2506 hue
863 2443 1023 2507 referendi
1053 2462 1179 2524 quoque
1207 2450 1281 2507 sunt
1309 2442 1343 2505 hi

172 2547 235 2612 loci
259 2549 291 2613 R
317 2551 399 2613 1251
428 2550 513 2614 1310
535 2555 564 2613 A
587 2551 653 2614 490
676 2550 705 2614 Ν
729 2550 792 2614 451
819 2550 847 2612 Τ
870 2550 1076 2614 433=520
1098 2551 1174 2615 459.

279 2656 361 2720 item
385 2654 426 2720 de
450 2655 565 2720 ceteris
593 2675 673 2737 quos
701 2657 765 2719 iam
793 2655 1006 2723 tractabimus
1029 2655 1109 2720 locis
1133 2655 1343 2719 iudicandum

173 2769 235 2847 est3
260 2763 355 2827 binae
379 2762 462 2826 enim
476 2782 593 2828 scenae
610 2763 661 2827 vel
676 2762 782 2847 potius
804 2762 898 2827 binae
914 2782 1083 2827 scenarum
1100 2763 1342 2847 complexiones

173 2869 314 2934 carmine
329 2869 430 2953 lyrico
444 2852 640 2954 dividuntur,
654 2889 748 2952 quem
762 2869 805 2934 ad
820 2869 914 2934 finem
929 2869 1196 2954 antistrophicum
1212 2889 1343 2934 carmen

173 2975 321 3041 adhiberi
351 2976 454 3041 solere
484 2976 666 3061 apparebit.
712 2976 742 3040 R
775 2978 859 3041 1099
890 2983 1061 3060 postquam
1094 2976 1126 3039 in
1157 2975 1343 3040 universum

174 3083 214 3147 de
238 3083 392 3167 Aeschyli
415 3090 513 3164 atque
536 3083 700 3168 Euripidis
724 3083 831 3147 indole
848 3086 976 3167 poetica
992 3081 1192 3168 disputatum
1216 3088 1274 3168 est,
1299 3082 1344 3146 ad

173 3192 326 3276 prologos
350 3190 438 3256 ebori
463 3190 622 3255 canticum
647 3190 880 3256 examinandos
903 3190 1052 3257 traducit.
1092 3191 1201 3255 Aeac
1225 3209 1343 3255 scenae

173 3318 257 3381 quae
280 3298 454 3364 admodum
485 3297 604 3363 similes
635 3303 708 3362 sunt
739 3297 950 3382 (Megarensis
981 3306 1013 3362 et
1044 3297 1170 3377 Boeoti)
1200 3296 1342 3361 carmine

172 3406 274 3490 lyrico
300 3405 494 3471 dividuntur.
527 3405 734 3489 Dicaeopolis
758 3427 788 3470 v.
813 3405 877 3470 832
901 3408 951 3468 καὶ
974 3408 1061 3484 χαῖρε
1085 3403 1251 3470 πόλλ’...
1276 3403 1344 3467 exit

174 3520 208 3577 ut
230 3514 365 3592 χοιρίδια
389 3513 523 3596 auferat,
541 3531 645 3593 neque
662 3511 747 3592 quod
764 3511 839 3575 inde
856 3532 876 3576 a
892 3533 923 3576 ν.
940 3511 1004 3576 842
1021 3509 1088 3574 οὐδ’
1107 3509 1202 3586 ἄλλος
1219 3509 1343 3587 ἀνθρώ-

173 3639 243 3681 πων
271 3618 455 3696 ὑποψωνῶν
483 3633 528 3681 σε
557 3621 693 3696 πημανεῖ
723 3639 749 3681 τι
781 3638 801 3680 a
832 3617 929 3680 choro
960 3616 1158 3700 appellatur,
1189 3615 1222 3679 in
1245 3634 1344 3679 scena

174 3744 245 3789 eum
271 3724 392 3789 versari
415 3731 535 3788 temere
558 3723 765 3788 iudicandum
790 3731 848 3789 est.
888 3723 984 3787 etiam
1008 3723 1114 3788 Ll8l
1136 3729 1168 3787 et
1183 3723 1239 3786 ‹Av
1257 3722 1345 3785 1410

174 3830 269 3895 binae
294 3849 411 3894 scenae
442 3829 526 3894 inter
557 3851 591 3895 se
625 3829 806 3895 consimiles
841 3828 982 3892 carmine
1010 3828 1111 3913 lyrico
1145 3827 1342 3894 dividuntur.

173 3959 248 4001 nam
279 3937 339 4001 hoc
367 3938 437 4002 loco
466 3937 581 4001 Avium
614 3957 712 4002 scena
746 3956 829 4017 quae
862 3935 1025 4000 antecedit
1058 3936 1209 4020 homines,
1245 3955 1343 4000 seona

112 4085 115 4089 .
173 4063 257 4126 quae
281 4046 423 4126 sequitur
448 4044 498 4108 dei
524 4044 630 4109 avium
655 4045 766 4108 urbem
790 4043 946 4107 adeuntes
969 4042 1140 4124 finguntur.
1187 4043 1241 4107 illo
1270 4043 1342 4106 loeo

172 4152 374 4237 Lysistratae
414 4172 512 4217 scena
551 4171 634 4234 quae
673 4150 837 4214 antecedit
859 4150 1061 4234 Lysistrata‘
1081 4151 1136 4214 vix
1175 4151 1342 4214 mulierum

174 4258 383 4344 cupiditatem
408 4258 569 4343 opprimit,
601 4278 700 4323 scena
725 4277 808 4338 qrrae
832 4257 975 4338 sequitur
1006 4257 1160 4340 Cinesias‚
1186 4256 1240 4338 qui
1269 4257 1342 4322 illas

172 4371 331 4448 temptare
347 4364 425 4446 vult,
442 4364 615 4447 repellitur.
646 4383 706 4428 nec
723 4362 932 4427 omittendum
956 4369 1004 4427 est
1027 4363 1064 4426 in·
1075 4364 1221 4427 omnibus
1238 4383 1341 4447 paene
