2798 4980
414 314 632 389 ..(11.-

254 521 273 598 ἡ
298 519 336 595 δ’,
359 520 447 584 ἐστὶν
469 521 531 598 γὰρ
555 517 607 582 ἀπ’
630 519 772 583 εὐκτίτου

308 626 443 705 Λέσβου,
467 628 524 704 τήν
548 629 605 704 μέν
628 626 705 704 ἐμήν
728 625 838 703 κόμην,

309 738 401 813 λευκὴ
425 736 496 814 γάρ,
521 736 765 814 καταμέμφεται,

307 843 390 919 πρὸς
414 839 441 906 δ’
466 840 563 905 ἄλλον
585 844 655 905 τινὰ
678 841 787 919 χάσκει

103 963 161 1026 ubi
186 967 268 1029 terni
293 973 325 1030 et
341 965 430 1047 quini
453 965 603 1050 glyconei
626 965 761 1047 singulis
784 962 970 1048 systematis
993 962 1107 1028 inclusi

99 1072 255 1155 strophas
278 1071 433 1146 efficiunt:
1077 1090 1079 1098 ’

255 1195 341 1261 ὦναξ
365 1196 391 1279 ᾧ
416 1195 560 1274 δαμάλης
577 1194 684 1273 Ἔρως

310 1303 360 1365 καὶ
386 1301 515 1382 Νύμφαι
540 1304 739 1379 κυανώπιδες

310 1410 476 1488 πορφυρέη
501 1407 526 1473 τ’
549 1408 725 1488 Ἀφροδίτη

257 1535 499 1610 συμπαίζουσιν·
524 1533 729 1612 ἐπιστρέφεαι
755 1531 782 1595 δ’

311 1642 444 1720 ὑψηλῶν
467 1641 613 1721 κορυφὰς
636 1640 749 1718 ὀρέων,

310 1747 484 1824 γουνοῦμαί
508 1762 556 1810 σε·
580 1748 622 1809 σὺ
646 1744 673 1808 δ’
697 1745 830 1823 εὐμενής

311 1853 375 1918 ἔλθ’
397 1855 479 1932 ἡμῖν,
503 1853 731 1932 κεχαρισμένης
755 1851 783 1914 δ’

312 1961 452 2038 εὐχωλῆς
475 1961 650 2023 ἐπακούειν.

260 2157 443 2240 Κλευβούλῳ
468 2155 495 2219 δ’
520 2156 642 2232 ἀγαθὸς
664 2158 757 2230 γενεῦ
857 2154 861 2160 ’

312 2265 502 2343 σύμβουλος·
526 2265 583 2328 τὸν
605 2264 682 2341 έμὸν
707 2263 735 2327 δ’
760 2261 852 2341 ἔρωτ’

313 2371 338 2434 ὦ
363 2371 509 2435 Δεύνυσε
534 2372 691 2449 δέχεσθαι.

100 2496 253 2580 strophae
284 2495 363 2561 haec
394 2495 482 2581 prior
511 2502 635 2559 tantum
658 2515 734 2579 pars
759 2499 875 2572 exstat.
923 2499 971 2558 est
1001 2498 1109 2558 autem

91 2602 205 2686 mplum
234 2601 427 2667 simillimum
456 2601 691 2686 Aristophaneo
722 2600 776 2665 illo
806 2600 856 2681 Eq
890 2602 990 2684 1111,
1022 2598 1108 2682 quod

91 2709 228 2792 ascripsi.
276 2716 373 2791 atque
397 2709 468 2793 ipsa
498 2708 579 2801 haec
609 2726 660 2773 res
691 2706 733 2772 ad
764 2726 836 2771 cum
864 2727 959 2789 quem
989 2707 1109 2772 fontem

99 2815 285 2880 comoediae
307 2836 378 2881 esse
395 2816 613 2899 cognovimus,
629 2835 688 2879 nos
704 2813 839 2898 reducit,
863 2833 993 2879 carmen
1009 2833 1109 2899 popu-

91 2943 114 3006 o,
139 2922 189 2985 cui
214 2922 394 3006 proximum
418 2928 467 2986 est
483 2941 612 2986 cannen
629 2919 829 2986 amatorium.
861 2918 923 2984 huc
939 2919 1111 2999 referenda

93 3036 166 3093 suut
189 3029 332 3093 caruuina
354 3028 521 3113 nuptialia,
546 3047 631 3110 quae
661 3027 827 3112 glyconeis
858 3046 1014 3111 expressa
1041 3046 1111 3091 sae-

90 3137 223 3217 terimus,
254 3157 284 3200 v.
316 3156 370 3219 pg.
402 3136 455 3200 36.
502 3136 581 3198 κατὰ
608 3135 718 3213 στίχον
747 3152 904 3225 nusquam
935 3132 1111 3217 glyconeos

90 3243 121 3306 iit
144 3242 387 3326 Aristophaneo.

90 3366 232 3430 standum
257 3373 363 3447 autem
393 3372 440 3430 ost
464 3373 593 3450 poetam
623 3366 656 3430 in
685 3364 915 3451 componendis
944 3364 1112 3453 glyconeis

94 3473 217 3536 ratione
241 3473 297 3556 uti,
322 3472 386 3537 alia
410 3471 464 3537 ubi
487 3474 520 3536 in
543 3472 667 3558 pauodo
695 3472 745 3537 vcl
769 3473 932 3557 parabasi,
963 3471 1027 3536 alia
1057 3469 1112 3534 uhi

89 3580 97 3643 i
127 3580 197 3643 loco
229 3580 368 3664 positum
399 3585 447 3643 ost
477 3598 616 3645 carmen.
663 3600 736 3643 nam
767 3578 847 3643 haec
874 3577 982 3643 omnia
1009 3595 1113 3662 paene

90 3686 174 3751 mina
191 3688 222 3753 ἐξ
238 3686 367 3764 ὁμοίων,
389 3692 444 3750 aut
461 3692 581 3750 certam
597 3686 732 3750 tonnam
749 3685 1000 3771 praeseferunt
1017 3683 1112 3768 aab,

99 3793 328 3878 compositione
358 3793 415 3859 ua
444 3792 533 3858 laud
563 3794 660 3876 unge
691 3793 799 3860 sistat.
846 3774 1012 3858 vaus
1038 3791 1112 3856 uae.

89 3899 150 3964 msi
175 3900 350 3966 clausulam
377 3907 553 3982 sequuntur
578 3902 616 3965 2·
636 3899 794 3985 acephali,
821 3898 938 3964 deinde
961 3901 982 3964 2
1004 3898 1113 3981 iambi,

103 4008 184 4071 altor
208 4007 433 4072 anaclomcnus
458 4006 686 4092 (choriambus)
717 4007 800 4072 alter
823 4013 872 4072 est
895 4006 1114 4088 catalecticus,

89 4114 178 4179 halus
202 4114 427 4180 catalecticus:

205 4242 293 4319 φίλοι
318 4242 451 4318 τήκομαι
475 4243 532 4319 μέν

203 4349 298 4410 πάλαι
324 4348 376 4410 διὰ
400 4352 457 4426 τῆς
480 4347 562 4425 ὀπῆς
585 4347 675 4425 ὑμῶν
697 4347 867 4410 ὑπακούων
