2798 4980
590 299 810 369 ..17...

109 495 345 562 demonstravit
366 496 625 564 commentariolo
647 496 779 563 metrico
795 497 828 561 II
845 495 923 580 (ind.
940 496 961 563 l.
978 495 1121 579 Gotting.
1140 495 1283 584 189516),

109 604 142 664 et
175 598 209 663 in
242 603 415 686 tragoedia
450 612 482 669 et
515 604 549 668 in
583 603 751 670 comoedia
785 605 881 687 longe
916 601 1166 686 frequentissimi
1200 609 1283 668 sunt.

109 706 266 790 originem
304 718 411 776 autem
443 731 483 776 ex
517 712 609 776 Ionia
638 711 759 776 ducunt
790 717 888 792 atque
918 729 958 775 ex
989 708 1062 794 ipsa
1092 716 1126 773 ut
1155 707 1285 774 videtur

108 814 201 900 poesi
231 818 393 902 populari.
444 838 503 883 nec
535 838 613 884 vero
647 817 760 883 mirum
796 835 868 883 esse
900 823 1009 901 potest
1042 815 1102 881 hos
1134 834 1284 880 numeros

109 921 286 989 admodum
310 925 471 1009 simplices
495 925 584 1010 apud
608 926 721 990 Ionum
744 932 874 1007 gentem
904 923 1023 1008 agilem
1046 930 1146 1005 atque
1174 922 1284 989 soller-

109 1036 177 1094 tem
205 1051 267 1096 non
298 1051 360 1097 uno
392 1051 518 1116 semper
547 1032 643 1098 modo
673 1031 828 1097 formatos
859 1030 916 1096 s'ed
946 1029 1042 1097 valde
1075 1028 1217 1095 variatos
1245 1049 1284 1093 ac

109 1156 218 1220 paene
239 1144 380 1204 mutatos
395 1158 477 1205 esse.
516 1138 626 1220 itaque
642 1137 786 1203 anaclasi
802 1136 949 1202 adhibita
964 1136 1069 1221 prima
1093 1142 1125 1200 et
1141 1134 1284 1202 secunda

109 1244 240 1327 syllaba
279 1252 462 1329 permutata
502 1245 705 1312 choriambus
744 1245 798 1328 qui
838 1244 955 1309 dicitnr
984 1232 1104 1310 ¹evasit
1144 1268 1198 1294 -υ
1216 1268 1283 1327 υ-,

111 1350 167 1432 qni
203 1370 268 1415 una
301 1371 372 1416 cum
411 1351 518 1417 iambo
548 1353 735 1418 catalectico
772 1377 825 1404 -υ
842 1361 993 1404 υ-υ-Ξ
1030 1350 1073 1418 ad
1106 1351 1290 1442 longiorem·

109 1457 282 1541 periodum
305 1459 397 1540 quasi
421 1459 566 1525 clausula
587 1458 841 1524 concludendam
865 1459 1050 1544 aptissimus
1066 1464 1146 1524 erat.
1186 1465 1284 1540 atque

110 1565 173 1629 hoo
197 1565 292 1631 modo
316 1566 507 1650 glyconenm
538 1566 868 1651 polyschematistum,
901 1566 955 1648 qui
985 1565 1151 1650 dactylum
1179 1565 1283 1650 primo

109 1670 183 1736 loco
206 1672 314 1756 habet,
339 1672 502 1739 exstitisse
525 1673 620 1738 facile
643 1674 757 1755 fingas.
804 1673 862 1738 sed
891 1673 988 1738 etiam
1012 1673 1204 1757 glyconeum
1229 1672 1284 1754 qui
1341 1719 1343 1721 .

110 1778 244 1864 proprie
266 1778 383 1844 dieitur
406 1786 438 1845 et
462 1779 653 1865 acephalum
677 1800 718 1844 ex
742 1780 849 1845 iambo
874 1780 967 1862 quasi
990 1779 1091 1864 stirpe
1104 1785 1197 1845 natos
1212 1798 1284 1844 esse

110 1886 374 1952 verisimillimum
408 1894 467 1954 est.
513 1908 572 1972 per
599 1887 764 1953 anaolasin
802 1907 929 1970 quoque
961 1887 1061 1970 iambi
1094 1887 1284 1971 permutatis

109 1993 215 2058 altera
239 2000 271 2058 et
294 1993 390 2058 tertia
413 1994 548 2078 syllabis
572 2002 707 2059 metrum
739 1995 887 2060 effectum
919 2000 977 2078 est,
1007 1992 1094 2075 quod
1123 2001 1156 2058 et
1179 1993 1283 2079 ipsum

111 2099 366 2181 antiquissimum
382 2107 431 2166 est
456 2109 488 2166 et
506 2101 636 2186 proprie
657 2100 773 2167 dicitur
798 2101 936 2167 ionicum
966 2126 984 2153 υ
1002 2095 1102 2182 υ--’;
1130 2107 1179 2165 est
1200 2100 1284 2165 enim

109 2207 234 2272 ionicus
264 2229 285 2272 a
315 2207 435 2274 minore
469 2208 524 2290 qui
548 2207 673 2275 dieitur.
720 2209 775 2291 qui
807 2216 839 2274 et
871 2209 943 2293 ipre
974 2228 1099 2274 summa
1127 2207 1284 2273 varietate

110 2313 225 2397 utitur3
244 2334 318 2378 nam
335 2314 471 2399 primum
488 2315 605 2398 longae
626 2315 774 2399 syllabae
790 2315 822 2379 in
839 2315 931 2380 binas
947 2315 1063 2380 breves
1080 2313 1171 2398 solvi,
1188 2312 1284 2379 binae

110 2420 227 2486 breves
251 2420 284 2484 in
309 2421 454 2505 singulas
482 2422 597 2505 longas
623 2422 942 2507 contrahipossunt,
974 2420 1091 2487 deinde
1124 2420 1284 2486 auaelasis

110 2528 316 2613 permittitur,
339 2548 403 2610 qua
427 2549 467 2592 ex
505 2553 629 2580 υυ--
668 2554 791 2581 w„
826 2529 961 2593 efficitur
1003 2552 1120 2580 rav-v
1160 2553 1285 2580 —v--

111 2634 220 2719 specie
243 2634 416 2701 trochaica.
450 2634 509 2700 sed
533 2635 630 2701 etiam
654 2635 752 2701 iambi
776 2643 787 2720 (
809 2642 822 2700 t
843 2635 1033 2718 choriambi)
1057 2634 1140 2700 inter
1163 2633 1284 2700 ionicos

110 2739 272 2805 interdum
301 2747 484 2825 occurrunt3
516 2761 576 2806 nec
599 2741 723 2826 mirum,
748 2762 823 2806 nam
850 2740 994 2806 eiusdem
1019 2760 1147 2824 semper
1175 2740 1284 2825 stirpis

110 2853 186 2911 suut
208 2847 299 2930 rami,
324 2855 359 2912 ut
382 2848 428 2912 ita
452 2847 568 2929 dicam,
592 2848 690 2913 iambi
714 2855 746 2913 et
768 2848 874 2915 ionici.

218 2955 288 3019 lam
316 2961 418 3020 totam-
441 2955 610 3021 Graeciam
634 2955 667 3019 hi
690 2956 813 3021 numeri
837 2955 967 3021 iambici
991 2962 1212 3040 pervaserunt.
1251 2953 1284 3018 in

109 3061 203 3144 poesi
234 3061 351 3126 sacrali
380 3068 545 3144 tamquam
576 3063 705 3148 proprie
734 3062 766 3127 in
796 3062 962 3147 provincia
992 3063 1191 3146 regnabant;
1222 3062 1284 3126 ‘vel

110 3174 206 3232 extra
228 3168 432 3233 Bacchicam
445 3169 633 3253 religionem
656 3169 755 3235 iambi
778 3169 811 3232 in
834 3168 979 3234 formulis
1003 3169 1105 3234 sacris
1123 3168 1284 3233 'solemnes

109 3274 195 3339 sunt'
220 3275 307 3359 (Wil.
325 3295 438 3343 comm.
454 3282 545 3343 metr.
561 3277 594 3340 ΙΙ
611 3277 677 3360 32).
724 3276 822 3341 etiam
842 3297 862 3340 a
880 3274 1051 3359 tragoedia
1067 3281 1100 3339 et
1116 3274 1284 3341 comoedia

109 3381 235 3466 recepti
258 3389 342 3448 sunt.
389 3389 532 3448 attamen
555 3382 618 3448 duo
647 3383 693 3448 illi
723 3383 804 3448 rami
835 3401 963 3467 semper
992 3382 1076 3446 inter
1106 3402 1141 3447 se
1166 3382 1284 3447 discer-

109 3490 281 3574 nebantur,
306 3490 569 3556 discindebantur
592 3512 765 3574 nunquam.
804 3491 914 3573 itaque
931 3490 1019 3575 apud
1035 3489 1284 3574 Aristophanem
1319 3503 1321 3507 “

110 3616 241 3678 quoque
264 3597 400 3680 primum
424 3597 549 3664 iambos
573 3606 605 3663 et
620 3598 832 3682 choriambos‚
856 3596 973 3663 deinde
996 3596 1118 3662 ionicus
1134 3597 1285 3680 persequi

109 3703 198 3769 licet.

476 3904 516 3969 be
542 3903 649 3969 iambis
674 3904 705 3970 et
729 3904 921 3971 choriambis.

221 4022 324 4087 lambi
359 4029 475 4088 natura
509 4043 569 4087 sua
603 4024 785 4107 petulantes
822 4029 870 4108 (ut
909 4045 1033 4090 summo
1073 4023 1143 4090 iure
1176 4023 1284 4105 ἴαμβοι

110 4129 330 4214 appellentur)
354 4129 417 4194 iam
442 4129 568 4214 pridem
592 4129 635 4195 ad
658 4130 801 4195 carmina
828 4131 965 4197 ludicra·
982 4132 1204 4218 componenda
1228 4133 1285 4197 ad-

111 4236 308 4301 hibebantur
332 4237 569 4321 (Archilochum
601 4244 633 4302 et
664 4237 899 4323 Hipponactem
931 4245 1156 4324 commemoro)
1186 4247 1285 4321 atque

112 4344 272 4438 aptissimi
297 4352 387 4410 erant
418 4346 450 4410 hi
477 4345 599 4411 numeri
630 4345 846 4431 gephyrismis
877 4347 932 4429 qui
962 4346 1120 4432 dicuntur,
1149 4367 1285 4430 quorum

1179 4474 1197 4527 9
