2798 4980
568 54 792 163 438-

100 291 179 356 dcos
201 290 350 375 advocat,
381 291 572 376 praesertim
595 313 667 358 cum
691 292 753 359 hoc
783 312 911 358 carmen
941 294 1076 359 carmini
1105 294 1243 369 Laced

101 396 278 462 moniorum
301 396 492 479 gravissimo
516 418 557 462 ac
580 418 693 464 severo
718 406 916 484 opponatur:

364 513 509 591 πρόσαγε
532 516 639 593 χορὸν,
664 509 833 598 ἐπ’άγαγε’)
858 515 1003 594 Χάριτας.

365 620 414 683 ἐπὶ
438 623 474 684 δὲ
498 620 636 685 κάλεσον
654 621 812 699 Ἄρτεμιν,

368 727 417 789 ἐπὶ
442 729 477 790 δὲ
502 727 635 804 δίδυμον
658 728 729 805 ἢιον

367 832 508 912 εὔφρον’,
533 835 582 897 ἐπὶ
607 837 643 898 δε
668 833 789 898 Νύσιον
812 839 875 901 κτλ.

102 946 302 1028 aliquantum
324 954 432 1012 tamen
455 948 531 1013 inde
554 970 575 1013 a
598 971 628 1014 v.
655 950 738 1014 1287
765 955 869 1014 motus
900 949 1016 1014 lenitur
1048 951 1188 1036 dactylis
1216 953 1257 1016 ad

101 1052 211 1117 hibitis
237 1055 278 1118 14
302 1054 460 1120 continuis
485 1054 538 1136 qui
562 1075 621 1139 pro
645 1054 804 1138 dignitate
828 1055 971 1138 dearum,
991 1076 1074 1137 quae
1097 1056 1161 1120 iam
1186 1055 1313 1164 invi&

102 1167 224 1243 cantur,
248 1160 384 1226 Veneris
408 1168 440 1225 et
463 1160 564 1246 ipsius
589 1160 723 1245 Quietis,
747 1160 879 1245 gravius
902 1161 1055 1227 incedunt

368 1272 435 1341 εἶτα
460 1280 496 1342 δὲ
519 1279 682 1355 δαίμονας,
708 1276 757 1354 ολς
781 1277 968 1356 ἐπιμάρτυσι

367 1383 539 1462 χρησόμεθ’
563 1390 621 1448 οὐκ
645 1385 855 1462 ἐπιλήσμοσιν

369 1491 503 1569 ἡσυχίας
526 1493 596 1570 πέρι
619 1497 676 1570 τῆς
700 1492 927 1571 ἀγανόφρονος

369 1599 408 1675 ἣν
432 1598 562 1676 ἐποίησε
586 1599 644 1662 θεὰ
669 1597 792 1676 Κύπρις.

104 1712 222 1776 deinde
246 1712 351 1776 denuo
375 1711 526 1777 incitatur
549 1712 664 1778 chorus
689 1732 814 1778 summa
837 1712 961 1778 laetitia
984 1713 1133 1777 exultans

196 1809 198 1812 ’
316 1849 347 1892 ν.
374 1829 456 1892 1291
483 1829 595 1892 ἀλαλαὶ
620 1829 648 1907 ἰὴ
673 1830 807 1906 παιήων·

487 1932 608 2014 αἴρεσθ’
633 1933 699 1999 άνυι
726 1935 768 1998 ἰαί

486 2040 764 2125 mmmm

487 2147 554 2211 εὒοῑ
578 2148 645 2211 είιοῑ
668 2147 737 2211 εὐαί
761 2147 839 2211 εὐαί.

106 2264 223 2328 etenim
246 2263 343 2328 animi
366 2262 496 2327 humani
520 2270 578 2347 est,
603 2270 639 2327 ut
661 2263 693 2327 in
717 2252 841 2328 summa
865 2263 990 2328 laetitia
1018 2262 1179 2328 interdum
1203 2264 1274 2328 reti-

56 2357 59 2363 ’
106 2377 220 2435 neatnr
243 2369 474 2454 aliquantisper
498 2376 530 2435 et
552 2368 585 2434 in
609 2369 803 2435 contrarium
826 2369 998 2454 transiliat,
1020 2376 1055 2434 ut
1070 2371 1179 2455 paullo
1203 2379 1276 2456 post

105 2475 226 2542 viribus
250 2476 342 2559 quasi
365 2474 592 2559 redintegratis
610 2475 714 2541 denuo
731 2494 770 2540 ae
795 2474 1013 2541 vehementius
1030 2475 1126 2541 etiam
1142 2477 1274 2544 exultet.

28 2653 31 2658 ,
88 2603 169 2665 ‘quo
193 2583 327 2648 artificio
351 2583 394 2647 ad
418 2602 574 2648 summam
605 2581 761 2646 laetitiam
785 2581 1024 2667 depingendam
1048 2582 1088 2647 de
1117 2581 1276 2648 industria

106 2695 203 2771 atque
227 2688 347 2774 optime
369 2708 463 2753 usum
487 2708 558 2754 esse
580 2694 711 2774 poetam
733 2694 854 2772 putem.

214 2805 252 2870 T.
278 2826 308 2870 v.
333 2805 398 2870 524
422 2824 470 2885 sq.
495 2804 571 2868 τάδε
594 2805 654 2882 γὰρ
679 2804 777 2869 εἰπεῖν
800 2806 858 2883 τήν
880 2808 1064 2883 πανοῦργον

494 2912 632 2974 κατὰτὸ
657 2912 801 2990 φανερὸν
825 2909 882 2974 ὧδ’
907 2910 1047 2988 ἀναιδῶς

496 3017 553 3080 οίικ
577 3017 616 3082 ἂν
639 3017 749 3100 ᾠόμην
773 3021 835 3082 κτλ.

107 3153 233 3199 summa
263 3131 351 3197 chori
381 3130 560 3215 indignatio
591 3153 621 3196 v.
651 3131 717 3196 525
754 3131 857 3197 ambis
895 3131 1020 3197 arsibus
1053 3132 1166 3198 solutis
1196 3133 1279 3198 bene

109 3237 308 3323 exprimitur.
355 3237 493 3319 denique
518 3237 559 3303 de
582 3237 743 3303 trochaeis
765 3236 838 3322 illis,
864 3238 918 3319 qui
938 3238 1156 3305 adhortationi
1180 3242 1279 3307 inscr-

109 3347 209 3429 viunt,
234 3365 391 3428 moneam,
414 3345 503 3410 velut
525 3345 585 3410 hv.
616 3367 646 3411 v.
673 3347 759 3410 1720
782 3344 880 3420 ἄναγε
905 3346 986 3424 δίεχε
1016 3347 1139 3426 πάραγε
1161 3349 1278 3428 πάρεχε

23 3449 24 3452 '
108 3454 324 3532 περιπέτεσθε,
349 3452 386 3518 V.
404 3474 433 3519 v.
453 3452 538 3517 1326
562 3451 653 3531 ἄνεχε
676 3454 801 3531 πάρεχε.

219 3559 370 3625 Carmina
393 3561 425 3626 ἐξ
449 3559 570 3638 ὁμοίων
600 3556 766 3622 trochaica
796 3557 860 3622 duo
890 3556 1102 3625 inveniuntur.
1150 3561 1178 3624 Τ
1202 3561 1277 3645 959,

108 3666 166 3731 ubi
192 3669 207 3731 1
226 3668 284 3730 24
307 3665 460 3750 trochaei,
486 3667 540 3748 qui
563 3672 670 3730 tamen
687 3664 894 3754 continuandi
910 3672 993 3750 sunt,
1010 3675 1059 3730 ter
1074 3673 1277 3752 repetuntur:

1259 377 1313 404 Ὶ

219 3882 241 3949 1)
261 3881 337 3937 Nam
363 3883 406 3936 sie
433 3897 501 3935 cum
520 3879 670 3934 Meinekio
698 3895 751 3949 pro
773 3879 859 3943 ἔπαγε
885 3878 949 3932 cod.
975 3878 1000 3932 R
1026 3879 1065 3933 ad
1090 3881 1277 3948 curiatorum,

112 3973 164 4040 qui
185 3976 363 4041 sequuntur,
384 3971 556 4040 exemplum
580 3969 770 4023 scribendum
797 3973 851 4022 est.
889 3983 959 4021 nam
982 3969 1109 4034 πρόσαγε
1133 3971 1220 4036 χορὸν
1247 3973 1278 4026 in

111 4062 289 4116 universum
308 4062 395 4130 quasi
414 4060 527 4113 dictum
547 4062 601 4125 cst,
621 4058 729 4112 deinde
748 4057 863 4128 singuli
887 4056 1075 4111 advocantur
1093 4058 1150 4121 dei,
1170 4061 1278 4129 quibus

112 4150 230 4217 Χάριτας
249 4151 417 4206 reddendas
437 4163 504 4204 esse
524 4148 636 4202 censui.
