<?xml version="1.0" encoding="UTF-8"?>
<!DOCTYPE html PUBLIC "-//W3C//DTD XHTML 1.0 Transitional//EN"
    "http://www.w3.org/TR/xhtml1/DTD/xhtml1-transitional.dtd">
<html xmlns="http://www.w3.org/1999/xhtml" xml:lang="en" lang="en">
 <head>
  <title>
</title>
<meta http-equiv="Content-Type" content="text/html;charset=utf-8" />
  <meta name='ocr-system' content='tesseract 3.04.00' />
  <meta name='ocr-capabilities' content='ocr_page ocr_carea ocr_par ocr_line ocrx_word'/>
</head>
<body>
  <div class='ocr_page' id='page_1' title='image "./dearistophanisc00steugoog_0010.png"; bbox 0 0 2798 4980; ppageno 0'>
   <div class='ocr_carea' id='block_1_1' title="bbox 225 1653 1283 1776">
    <p class='ocr_par' dir='ltr' id='par_1_1' title="bbox 225 1653 1283 1776">
     <span class='ocr_line' id='line_1_1' title="bbox 225 1653 1283 1776; baseline 0.004 -24"><span class='ocrx_word' id='word_1_1' title='bbox 225 1653 325 1776; x_wconf 73' lang='lat' dir='ltr'>Iure,¹</span> <span class='ocrx_word' id='word_1_2' title='bbox 353 1692 380 1757; x_wconf 92' lang='lat' dir='ltr'>si</span> <span class='ocrx_word' id='word_1_3' title='bbox 411 1692 452 1756; x_wconf 92' lang='lat' dir='ltr'>de</span> <span class='ocrx_word' id='word_1_4' title='bbox 479 1700 589 1757; x_wconf 90' lang='lat' dir='ltr'>vetere</span> <span class='ocrx_word' id='word_1_5' title='bbox 622 1691 789 1757; x_wconf 83' lang='lat' dir='ltr'>comoedia</span> <span class='ocrx_word' id='word_1_6' title='bbox 824 1694 933 1757; x_wconf 88' lang='lat' dir='ltr'>Attica</span> <span class='ocrx_word' id='word_1_7' title='bbox 972 1692 1105 1776; x_wconf 86' lang='lat' dir='ltr'>dicitur,</span> <span class='ocrx_word' id='word_1_8' title='bbox 1143 1693 1283 1756; x_wconf 91' lang='lat' dir='ltr'>omnium</span> 
     </span>
    </p>
   </div>
   <div class='ocr_carea' id='block_1_2' title="bbox 107 1798 1287 4027">
    <p class='ocr_par' dir='ltr' id='par_1_2' title="bbox 107 1798 1286 2957">
     <span class='ocr_line' id='line_1_2' title="bbox 107 1798 1284 1885; baseline 0.003 -24"><span class='ocrx_word' id='word_1_9' title='bbox 107 1798 207 1862; x_wconf 89' lang='lat' dir='ltr'>animi</span> <span class='ocrx_word' id='word_1_10' title='bbox 232 1799 275 1864; x_wconf 89' lang='lat' dir='ltr'>ad</span> <span class='ocrx_word' id='word_1_11' title='bbox 300 1799 549 1885; x_wconf 81' lang='lat' dir='ltr'><strong>Aristophanem</strong></span> <span class='ocrx_word' id='word_1_12' title='bbox 574 1819 645 1864; x_wconf 90' lang='lat' dir='ltr'>sese</span> <span class='ocrx_word' id='word_1_13' title='bbox 669 1807 869 1885; x_wconf 88' lang='lat' dir='ltr'>convertunt,</span> <span class='ocrx_word' id='word_1_14' title='bbox 899 1822 962 1866; x_wconf 93' lang='lat' dir='ltr'>non</span> <span class='ocrx_word' id='word_1_15' title='bbox 987 1801 1089 1865; x_wconf 91' lang='lat' dir='ltr'>solum</span> <span class='ocrx_word' id='word_1_16' title='bbox 1114 1800 1191 1882; x_wconf 91' lang='lat' dir='ltr'>quia</span> <span class='ocrx_word' id='word_1_17' title='bbox 1214 1800 1284 1864; x_wconf 90' lang='lat' dir='ltr'>eius</span> 
     </span>
     <span class='ocr_line' id='line_1_3' title="bbox 107 1892 1283 1990; baseline 0.001 -22"><span class='ocrx_word' id='word_1_18' title='bbox 107 1905 242 1971; x_wconf 87' lang='lat' dir='ltr'>fabulae</span> <span class='ocrx_word' id='word_1_19' title='bbox 272 1906 387 1972; x_wconf 91' lang='lat' dir='ltr'>summi</span> <span class='ocrx_word' id='word_1_20' title='bbox 417 1906 508 1971; x_wconf 90' lang='lat' dir='ltr'>attici</span> <span class='ocrx_word' id='word_1_21' title='bbox 539 1906 659 1989; x_wconf 87' lang='lat' dir='ltr'>ingenii</span> <span class='ocrx_word' id='word_1_22' title='bbox 691 1913 788 1988; x_wconf 92' lang='lat' dir='ltr'>atque</span> <span class='ocrx_word' id='word_1_23' title='bbox 818 1892 960 1990; x_wconf 54' lang='lat' dir='ltr'>gratiae*</span> <span class='ocrx_word' id='word_1_24' title='bbox 977 1914 1076 1972; x_wconf 89' lang='lat' dir='ltr'>testes</span> <span class='ocrx_word' id='word_1_25' title='bbox 1107 1913 1194 1989; x_wconf 88' lang='lat' dir='ltr'>sunt,</span> <span class='ocrx_word' id='word_1_26' title='bbox 1225 1905 1283 1969; x_wconf 91' lang='lat' dir='ltr'>sed</span> 
     </span>
     <span class='ocr_line' id='line_1_4' title="bbox 109 2015 1284 2101; baseline 0 -21"><span class='ocrx_word' id='word_1_27' title='bbox 109 2015 208 2080; x_wconf 86' lang='lat' dir='ltr'>etiam</span> <span class='ocrx_word' id='word_1_28' title='bbox 240 2016 316 2098; x_wconf 87' lang='lat' dir='ltr'>quia</span> <span class='ocrx_word' id='word_1_29' title='bbox 348 2016 462 2080; x_wconf 89' lang='lat' dir='ltr'>scriem</span> <span class='ocrx_word' id='word_1_30' title='bbox 495 2016 652 2101; x_wconf 82' lang='lat' dir='ltr'>praebent</span> <span class='ocrx_word' id='word_1_31' title='bbox 688 2016 771 2081; x_wconf 91' lang='lat' dir='ltr'>adeo</span> <span class='ocrx_word' id='word_1_32' title='bbox 808 2017 1007 2101; x_wconf 88' lang='lat' dir='ltr'>continuam,</span> <span class='ocrx_word' id='word_1_33' title='bbox 1038 2024 1073 2082; x_wconf 93' lang='lat' dir='ltr'>ut</span> <span class='ocrx_word' id='word_1_34' title='bbox 1106 2037 1178 2082; x_wconf 93' lang='lat' dir='ltr'>cum</span> <span class='ocrx_word' id='word_1_35' title='bbox 1212 2036 1284 2081; x_wconf 92' lang='lat' dir='ltr'>cam</span> 
     </span>
     <span class='ocr_line' id='line_1_5' title="bbox 109 2121 1284 2208; baseline -0.001 -21"><span class='ocrx_word' id='word_1_36' title='bbox 109 2123 215 2207; x_wconf 84' lang='lat' dir='ltr'>ipsam</span> <span class='ocrx_word' id='word_1_37' title='bbox 245 2121 405 2206; x_wconf 89' lang='lat' dir='ltr'>quomodo</span> <span class='ocrx_word' id='word_1_38' title='bbox 435 2121 585 2187; x_wconf 87' lang='lat' dir='ltr'>decurrat</span> <span class='ocrx_word' id='word_1_39' title='bbox 614 2122 819 2187; x_wconf 84' lang='lat' dir='ltr'>considerare</span> <span class='ocrx_word' id='word_1_40' title='bbox 848 2130 914 2187; x_wconf 93' lang='lat' dir='ltr'>tum</span> <span class='ocrx_word' id='word_1_41' title='bbox 944 2123 1158 2208; x_wconf 81' lang='lat' dir='ltr'>retrospicere</span> <span class='ocrx_word' id='word_1_42' title='bbox 1187 2129 1284 2205; x_wconf 91' lang='lat' dir='ltr'>atque</span> 
     </span>
     <span class='ocr_line' id='line_1_6' title="bbox 109 2229 1285 2316; baseline 0 -22"><span class='ocrx_word' id='word_1_43' title='bbox 109 2230 298 2316; x_wconf 78' lang='lat' dir='ltr'>prospicere</span> <span class='ocrx_word' id='word_1_44' title='bbox 321 2229 397 2294; x_wconf 90' lang='lat' dir='ltr'>inde</span> <span class='ocrx_word' id='word_1_45' title='bbox 425 2229 532 2296; x_wconf 85' lang='lat' dir='ltr'>liceat.</span> <span class='ocrx_word' id='word_1_46' title='bbox 579 2231 694 2313; x_wconf 88' lang='lat' dir='ltr'>ltaque</span> <span class='ocrx_word' id='word_1_47' title='bbox 723 2250 795 2295; x_wconf 91' lang='lat' dir='ltr'>cum</span> <span class='ocrx_word' id='word_1_48' title='bbox 823 2231 909 2296; x_wconf 92' lang='lat' dir='ltr'>unde</span> <span class='ocrx_word' id='word_1_49' title='bbox 939 2239 1017 2297; x_wconf 91' lang='lat' dir='ltr'>nata</span> <span class='ocrx_word' id='word_1_50' title='bbox 1044 2231 1086 2296; x_wconf 87' lang='lat' dir='ltr'>sit</span> <span class='ocrx_word' id='word_1_51' title='bbox 1115 2230 1285 2296; x_wconf 87' lang='lat' dir='ltr'>comoedia</span> 
     </span>
     <span class='ocr_line' id='line_1_7' title="bbox 110 2336 1284 2423; baseline 0.001 -21"><span class='ocrx_word' id='word_1_52' title='bbox 110 2338 223 2403; x_wconf 91' lang='lat' dir='ltr'>Attica</span> <span class='ocrx_word' id='word_1_53' title='bbox 247 2345 279 2403; x_wconf 92' lang='lat' dir='ltr'>ct</span> <span class='ocrx_word' id='word_1_54' title='bbox 296 2336 456 2420; x_wconf 89' lang='lat' dir='ltr'>quomodo</span> <span class='ocrx_word' id='word_1_55' title='bbox 481 2337 618 2402; x_wconf 89' lang='lat' dir='ltr'>creverit</span> <span class='ocrx_word' id='word_1_56' title='bbox 642 2357 680 2402; x_wconf 93' lang='lat' dir='ltr'>eo</span> <span class='ocrx_word' id='word_1_57' title='bbox 696 2339 810 2402; x_wconf 89' lang='lat' dir='ltr'>melius</span> <span class='ocrx_word' id='word_1_58' title='bbox 830 2339 1018 2422; x_wconf 80' lang='lat' dir='ltr'>intellegere</span> <span class='ocrx_word' id='word_1_59' title='bbox 1034 2339 1204 2423; x_wconf 85' lang='lat' dir='ltr'>possimus,</span> <span class='ocrx_word' id='word_1_60' title='bbox 1221 2359 1284 2420; x_wconf 92' lang='lat' dir='ltr'>quo</span> 
     </span>
     <span class='ocr_line' id='line_1_8' title="bbox 111 2436 1286 2530; baseline -0.001 -21"><span class='ocrx_word' id='word_1_61' title='bbox 111 2445 297 2509; x_wconf 85' lang='lat' dir='ltr'>accuratius</span> <span class='ocrx_word' id='word_1_62' title='bbox 330 2443 482 2528; x_wconf 88' lang='lat' dir='ltr'>principis</span> <span class='ocrx_word' id='word_1_63' title='bbox 515 2436 583 2508; x_wconf 79' lang='lat' dir='ltr'>eius</span> <span class='ocrx_word' id='word_1_64' title='bbox 615 2451 732 2529; x_wconf 87' lang='lat' dir='ltr'>poetae</span> <span class='ocrx_word' id='word_1_65' title='bbox 765 2465 879 2530; x_wconf 88' lang='lat' dir='ltr'>opera,</span> <span class='ocrx_word' id='word_1_66' title='bbox 913 2453 999 2527; x_wconf 86' lang='lat' dir='ltr'>¹quae</span> <span class='ocrx_word' id='word_1_67' title='bbox 1035 2446 1104 2511; x_wconf 91' lang='lat' dir='ltr'>sola</span> <span class='ocrx_word' id='word_1_68' title='bbox 1139 2452 1286 2530; x_wconf 78' lang='lat' dir='ltr'>tempora</span> 
     </span>
     <span class='ocr_line' id='line_1_9' title="bbox 111 2551 1286 2637; baseline 0 -21"><span class='ocrx_word' id='word_1_69' title='bbox 111 2553 264 2636; x_wconf 87' lang='lat' dir='ltr'>tulerunt,</span> <span class='ocrx_word' id='word_1_70' title='bbox 298 2551 428 2634; x_wconf 91' lang='lat' dir='ltr'>cognita</span> <span class='ocrx_word' id='word_1_71' title='bbox 458 2551 650 2635; x_wconf 85' lang='lat' dir='ltr'>habeamus,</span> <span class='ocrx_word' id='word_1_72' title='bbox 681 2551 907 2637; x_wconf 79' lang='lat' dir='ltr'>Aristophanis</span> <span class='ocrx_word' id='word_1_73' title='bbox 938 2552 1066 2618; x_wconf 85' lang='lat' dir='ltr'>fabulas</span> <span class='ocrx_word' id='word_1_74' title='bbox 1096 2552 1286 2618; x_wconf 88' lang='lat' dir='ltr'>tractandas</span> 
     </span>
     <span class='ocr_line' id='line_1_10' title="bbox 111 2657 1284 2743; baseline -0.001 -21"><span class='ocrx_word' id='word_1_75' title='bbox 111 2659 189 2723; x_wconf 89' lang='lat' dir='ltr'>mihi</span> <span class='ocrx_word' id='word_1_76' title='bbox 214 2677 392 2743; x_wconf 86' lang='lat' dir='ltr'>proponere</span> <span class='ocrx_word' id='word_1_77' title='bbox 416 2677 535 2743; x_wconf 86' lang='lat' dir='ltr'>operae</span> <span class='ocrx_word' id='word_1_78' title='bbox 559 2657 696 2742; x_wconf 90' lang='lat' dir='ltr'>pretium</span> <span class='ocrx_word' id='word_1_79' title='bbox 719 2658 823 2724; x_wconf 90' lang='lat' dir='ltr'>visum</span> <span class='ocrx_word' id='word_1_80' title='bbox 847 2666 905 2740; x_wconf 78' lang='lat' dir='ltr'>est,</span> <span class='ocrx_word' id='word_1_81' title='bbox 930 2665 1029 2741; x_wconf 91' lang='lat' dir='ltr'>atque</span> <span class='ocrx_word' id='word_1_82' title='bbox 1053 2664 1124 2724; x_wconf 89' lang='lat' dir='ltr'>eam</span> <span class='ocrx_word' id='word_1_83' title='bbox 1148 2665 1284 2743; x_wconf 89' lang='lat' dir='ltr'>partem,</span> 
     </span>
     <span class='ocr_line' id='line_1_11' title="bbox 113 2764 1286 2850; baseline -0.003 -20"><span class='ocrx_word' id='word_1_84' title='bbox 113 2787 211 2847; x_wconf 89' lang='lat' dir='ltr'>quam</span> <span class='ocrx_word' id='word_1_85' title='bbox 243 2784 315 2830; x_wconf 93' lang='lat' dir='ltr'>cum</span> <span class='ocrx_word' id='word_1_86' title='bbox 349 2765 443 2830; x_wconf 85' lang='lat' dir='ltr'>radix</span> <span class='ocrx_word' id='word_1_87' title='bbox 477 2766 570 2847; x_wconf 90' lang='lat' dir='ltr'>quasi</span> <span class='ocrx_word' id='word_1_88' title='bbox 602 2764 704 2830; x_wconf 90' lang='lat' dir='ltr'>omnis</span> <span class='ocrx_word' id='word_1_89' title='bbox 737 2784 874 2850; x_wconf 90' lang='lat' dir='ltr'>poeseos</span> <span class='ocrx_word' id='word_1_90' title='bbox 907 2765 1055 2831; x_wconf 86' lang='lat' dir='ltr'>scenicae</span> <span class='ocrx_word' id='word_1_91' title='bbox 1088 2764 1138 2849; x_wconf 86' lang='lat' dir='ltr'>sit,</span> <span class='ocrx_word' id='word_1_92' title='bbox 1171 2765 1286 2847; x_wconf 87' lang='lat' dir='ltr'>summi</span> 
     </span>
     <span class='ocr_line' id='line_1_12' title="bbox 112 2871 1092 2957; baseline 0 -19"><span class='ocrx_word' id='word_1_93' title='bbox 112 2872 264 2938; x_wconf 91' lang='lat' dir='ltr'>momenti</span> <span class='ocrx_word' id='word_1_94' title='bbox 288 2892 359 2938; x_wconf 88' lang='lat' dir='ltr'>esse</span> <span class='ocrx_word' id='word_1_95' title='bbox 383 2871 466 2936; x_wconf 92' lang='lat' dir='ltr'>inter</span> <span class='ocrx_word' id='word_1_96' title='bbox 489 2891 599 2937; x_wconf 93' lang='lat' dir='ltr'>omnes</span> <span class='ocrx_word' id='word_1_97' title='bbox 623 2880 764 2938; x_wconf 92' lang='lat' dir='ltr'>constat:</span> <span class='ocrx_word' id='word_1_98' title='bbox 791 2891 921 2937; x_wconf 88' lang='lat' dir='ltr'>carmen</span> <span class='ocrx_word' id='word_1_99' title='bbox 944 2872 1092 2957; x_wconf 88' lang='lat' dir='ltr'>lyricum.</span> 
     </span>
    </p>

    <p class='ocr_par' dir='ltr' id='par_1_3' title="bbox 112 2978 1287 4027">
     <span class='ocr_line' id='line_1_13' title="bbox 221 2978 1286 3065; baseline -0.002 -21"><span class='ocrx_word' id='word_1_100' title='bbox 221 2980 269 3044; x_wconf 90' lang='lat' dir='ltr'>Ac</span> <span class='ocrx_word' id='word_1_101' title='bbox 300 2979 437 3064; x_wconf 89' lang='lat' dir='ltr'>primum</span> <span class='ocrx_word' id='word_1_102' title='bbox 468 2978 597 3061; x_wconf 92' lang='lat' dir='ltr'>quidem</span> <span class='ocrx_word' id='word_1_103' title='bbox 628 2978 789 3061; x_wconf 92' lang='lat' dir='ltr'>quomodo</span> <span class='ocrx_word' id='word_1_104' title='bbox 822 2979 963 3044; x_wconf 88' lang='lat' dir='ltr'>carmine</span> <span class='ocrx_word' id='word_1_105' title='bbox 998 2980 1100 3065; x_wconf 88' lang='lat' dir='ltr'>lyrico</span> <span class='ocrx_word' id='word_1_106' title='bbox 1138 2999 1214 3044; x_wconf 91' lang='lat' dir='ltr'>usus</span> <span class='ocrx_word' id='word_1_107' title='bbox 1245 2980 1286 3043; x_wconf 91' lang='lat' dir='ltr'>sit</span> 
     </span>
     <span class='ocr_line' id='line_1_14' title="bbox 112 3086 1287 3172; baseline -0.002 -20"><span class='ocrx_word' id='word_1_108' title='bbox 112 3086 347 3172; x_wconf 81' lang='lat' dir='ltr'>Aristophanes</span> <span class='ocrx_word' id='word_1_109' title='bbox 371 3086 590 3169; x_wconf 91' lang='lat' dir='ltr'>quaerendum</span> <span class='ocrx_word' id='word_1_110' title='bbox 615 3087 685 3172; x_wconf 87' lang='lat' dir='ltr'>erit,</span> <span class='ocrx_word' id='word_1_111' title='bbox 715 3095 750 3152; x_wconf 94' lang='lat' dir='ltr'>ut</span> <span class='ocrx_word' id='word_1_112' title='bbox 778 3086 856 3169; x_wconf 93' lang='lat' dir='ltr'>quid</span> <span class='ocrx_word' id='word_1_113' title='bbox 884 3089 993 3152; x_wconf 88' lang='lat' dir='ltr'>valeat</span> <span class='ocrx_word' id='word_1_114' title='bbox 1021 3096 1119 3169; x_wconf 90' lang='lat' dir='ltr'>atque</span> <span class='ocrx_word' id='word_1_115' title='bbox 1148 3088 1287 3152; x_wconf 87' lang='lat' dir='ltr'>valuerit</span> 
     </span>
     <span class='ocr_line' id='line_1_15' title="bbox 113 3192 1286 3278; baseline -0.001 -19"><span class='ocrx_word' id='word_1_116' title='bbox 113 3198 189 3259; x_wconf 86' lang='lat' dir='ltr'>ante</span> <span class='ocrx_word' id='word_1_117' title='bbox 222 3213 293 3259; x_wconf 94' lang='lat' dir='ltr'>eum</span> <span class='ocrx_word' id='word_1_118' title='bbox 323 3193 537 3278; x_wconf 86' lang='lat' dir='ltr'>perspiciatur</span> <span class='ocrx_word' id='word_1_119' title='bbox 570 3200 601 3258; x_wconf 91' lang='lat' dir='ltr'>ct</span> <span class='ocrx_word' id='word_1_120' title='bbox 633 3201 735 3259; x_wconf 87' lang='lat' dir='ltr'>totam</span> <span class='ocrx_word' id='word_1_121' title='bbox 767 3214 834 3259; x_wconf 87' lang='lat' dir='ltr'>rem</span> <span class='ocrx_word' id='word_1_122' title='bbox 866 3194 1023 3260; x_wconf 89' lang='lat' dir='ltr'>musicam</span> <span class='ocrx_word' id='word_1_123' title='bbox 1057 3194 1104 3259; x_wconf 90' lang='lat' dir='ltr'>rei</span> <span class='ocrx_word' id='word_1_124' title='bbox 1136 3192 1286 3277; x_wconf 85' lang='lat' dir='ltr'>agendae</span> 
     </span>
     <span class='ocr_line' id='line_1_16' title="bbox 114 3300 1285 3385; baseline -0.001 -19"><span class='ocrx_word' id='word_1_125' title='bbox 114 3300 268 3366; x_wconf 89' lang='lat' dir='ltr'>oboedire</span> <span class='ocrx_word' id='word_1_126' title='bbox 292 3307 465 3385; x_wconf 88' lang='lat' dir='ltr'>appareat;</span> <span class='ocrx_word' id='word_1_127' title='bbox 482 3300 567 3366; x_wconf 89' lang='lat' dir='ltr'>unde</span> <span class='ocrx_word' id='word_1_128' title='bbox 584 3301 690 3383; x_wconf 86' lang='lat' dir='ltr'>ctiam,</span> <span class='ocrx_word' id='word_1_129' title='bbox 713 3321 785 3366; x_wconf 93' lang='lat' dir='ltr'>cum</span> <span class='ocrx_word' id='word_1_130' title='bbox 809 3300 842 3365; x_wconf 93' lang='lat' dir='ltr'>in</span> <span class='ocrx_word' id='word_1_131' title='bbox 858 3300 1030 3384; x_wconf 80' lang='lat' dir='ltr'>tragoedia</span> <span class='ocrx_word' id='word_1_132' title='bbox 1045 3300 1151 3385; x_wconf 90' lang='lat' dir='ltr'>magis</span> <span class='ocrx_word' id='word_1_133' title='bbox 1167 3300 1285 3384; x_wconf 88' lang='lat' dir='ltr'>magis-</span> 
     </span>
     <span class='ocr_line' id='line_1_17' title="bbox 115 3407 1287 3493; baseline 0 -22"><span class='ocrx_word' id='word_1_134' title='bbox 115 3428 178 3489; x_wconf 85' lang='lat' dir='ltr'>que</span> <span class='ocrx_word' id='word_1_135' title='bbox 209 3407 266 3472; x_wconf 88' lang='lat' dir='ltr'>illa</span> <span class='ocrx_word' id='word_1_136' title='bbox 299 3407 531 3493; x_wconf 75' lang='lat' dir='ltr'>dominaretur,</span> <span class='ocrx_word' id='word_1_137' title='bbox 564 3414 676 3472; x_wconf 89' lang='lat' dir='ltr'>contra</span> <span class='ocrx_word' id='word_1_138' title='bbox 707 3409 740 3471; x_wconf 93' lang='lat' dir='ltr'>in</span> <span class='ocrx_word' id='word_1_139' title='bbox 778 3407 947 3473; x_wconf 91' lang='lat' dir='ltr'>comoedia</span> <span class='ocrx_word' id='word_1_140' title='bbox 979 3407 1084 3493; x_wconf 88' lang='lat' dir='ltr'>magis</span> <span class='ocrx_word' id='word_1_141' title='bbox 1117 3407 1287 3490; x_wconf 89' lang='lat' dir='ltr'>magisque</span> 
     </span>
     <span class='ocr_line' id='line_1_18' title="bbox 114 3513 1287 3600; baseline 0.001 -22"><span class='ocrx_word' id='word_1_142' title='bbox 114 3515 341 3581; x_wconf 89' lang='lat' dir='ltr'>evanescebat.</span> <span class='ocrx_word' id='word_1_143' title='bbox 364 3521 395 3578; x_wconf 91' lang='lat' dir='ltr'>ct</span> <span class='ocrx_word' id='word_1_144' title='bbox 411 3514 472 3578; x_wconf 93' lang='lat' dir='ltr'>hoc</span> <span class='ocrx_word' id='word_1_145' title='bbox 489 3513 649 3596; x_wconf 90' lang='lat' dir='ltr'>quomodo</span> <span class='ocrx_word' id='word_1_146' title='bbox 666 3514 788 3579; x_wconf 90' lang='lat' dir='ltr'>factum</span> <span class='ocrx_word' id='word_1_147' title='bbox 809 3515 851 3580; x_wconf 88' lang='lat' dir='ltr'>sit</span> <span class='ocrx_word' id='word_1_148' title='bbox 870 3534 910 3579; x_wconf 87' lang='lat' dir='ltr'>ex</span> <span class='ocrx_word' id='word_1_149' title='bbox 927 3514 1153 3600; x_wconf 87' lang='lat' dir='ltr'>Aristophanis</span> <span class='ocrx_word' id='word_1_150' title='bbox 1168 3514 1287 3580; x_wconf 87' lang='lat' dir='ltr'>fabulis</span> 
     </span>
     <span class='ocr_line' id='line_1_19' title="bbox 114 3608 1287 3708; baseline 0.002 -22"><span class='ocrx_word' id='word_1_151' title='bbox 114 3622 268 3706; x_wconf 91' lang='lat' dir='ltr'>cognosci</span> <span class='ocrx_word' id='word_1_152' title='bbox 283 3629 400 3707; x_wconf 87' lang='lat' dir='ltr'>potest.</span> <span class='ocrx_word' id='word_1_153' title='bbox 441 3621 558 3686; x_wconf 91' lang='lat' dir='ltr'>deiude</span> <span class='ocrx_word' id='word_1_154' title='bbox 575 3621 615 3688; x_wconf 91' lang='lat' dir='ltr'>de</span> <span class='ocrx_word' id='word_1_155' title='bbox 636 3623 761 3688; x_wconf 93' lang='lat' dir='ltr'>ratione</span> <span class='ocrx_word' id='word_1_156' title='bbox 777 3622 991 3708; x_wconf 93' lang='lat' dir='ltr'>componendi</span> <span class='ocrx_word' id='word_1_157' title='bbox 1015 3643 1055 3689; x_wconf 86' lang='lat' dir='ltr'>ac</span> <span class='ocrx_word' id='word_1_158' title='bbox 1080 3608 1121 3688; x_wconf 90' lang='lat' dir='ltr'>de</span> <span class='ocrx_word' id='word_1_159' title='bbox 1145 3622 1287 3688; x_wconf 91' lang='lat' dir='ltr'>numeris</span> 
     </span>
     <span class='ocr_line' id='line_1_20' title="bbox 114 3728 1287 3815; baseline 0.001 -22"><span class='ocrx_word' id='word_1_160' title='bbox 114 3728 288 3794; x_wconf 89' lang='lat' dir='ltr'>dicendum</span> <span class='ocrx_word' id='word_1_161' title='bbox 312 3730 381 3812; x_wconf 88' lang='lat' dir='ltr'>erit,</span> <span class='ocrx_word' id='word_1_162' title='bbox 407 3730 522 3811; x_wconf 90' lang='lat' dir='ltr'>quibus</span> <span class='ocrx_word' id='word_1_163' title='bbox 546 3746 622 3795; x_wconf 89' lang='lat' dir='ltr'>usus</span> <span class='ocrx_word' id='word_1_164' title='bbox 646 3729 687 3795; x_wconf 92' lang='lat' dir='ltr'>sit</span> <span class='ocrx_word' id='word_1_165' title='bbox 710 3737 819 3815; x_wconf 89' lang='lat' dir='ltr'>poeta,</span> <span class='ocrx_word' id='word_1_166' title='bbox 844 3751 924 3812; x_wconf 91' lang='lat' dir='ltr'>quos</span> <span class='ocrx_word' id='word_1_167' title='bbox 953 3730 1119 3815; x_wconf 89' lang='lat' dir='ltr'>acceperit</span> <span class='ocrx_word' id='word_1_168' title='bbox 1142 3749 1287 3813; x_wconf 90' lang='lat' dir='ltr'>quosque</span> 
     </span>
     <span class='ocr_line' id='line_1_21' title="bbox 115 3824 1287 3920; baseline 0.002 -20"><span class='ocrx_word' id='word_1_169' title='bbox 115 3834 321 3902; x_wconf 89' lang='lat' dir='ltr'>addidicerit.</span> <span class='ocrx_word' id='word_1_170' title='bbox 362 3854 401 3900; x_wconf 91' lang='lat' dir='ltr'>ac</span> <span class='ocrx_word' id='word_1_171' title='bbox 424 3836 497 3920; x_wconf 88' lang='lat' dir='ltr'>plus</span> <span class='ocrx_word' id='word_1_172' title='bbox 521 3837 620 3901; x_wconf 92' lang='lat' dir='ltr'>semel</span> <span class='ocrx_word' id='word_1_173' title='bbox 644 3836 706 3901; x_wconf 90' lang='lat' dir='ltr'>hac</span> <span class='ocrx_word' id='word_1_174' title='bbox 730 3836 859 3918; x_wconf 89' lang='lat' dir='ltr'>quidem</span> <span class='ocrx_word' id='word_1_175' title='bbox 884 3837 1072 3919; x_wconf 90' lang='lat' dir='ltr'>quaestione</span> <span class='ocrx_word' id='word_1_176' title='bbox 1096 3824 1139 3902; x_wconf 72' lang='lat' dir='ltr'>&#39;ad</span> <span class='ocrx_word' id='word_1_177' title='bbox 1163 3829 1287 3902; x_wconf 86' lang='lat' dir='ltr'>conme-</span> 
     </span>
     <span class='ocr_line' id='line_1_22' title="bbox 115 3928 1080 4027; baseline 0.005 -21"><span class='ocrx_word' id='word_1_178' title='bbox 115 3942 213 4027; x_wconf 85' lang='lat' dir='ltr'>diam,</span> <span class='ocrx_word' id='word_1_179' title='bbox 238 3946 322 4025; x_wconf 92' lang='lat' dir='ltr'>quae</span> <span class='ocrx_word' id='word_1_180' title='bbox 345 3950 420 4008; x_wconf 88' lang='lat' dir='ltr'>ante</span> <span class='ocrx_word' id='word_1_181' title='bbox 443 3928 692 4027; x_wconf 90' lang='lat' dir='ltr'>Aristophanem</span> <span class='ocrx_word' id='word_1_182' title='bbox 716 3943 822 4026; x_wconf 90' lang='lat' dir='ltr'>fuerit,</span> <span class='ocrx_word' id='word_1_183' title='bbox 847 3944 1080 4011; x_wconf 88' lang='lat' dir='ltr'>revocabimur.</span> 
     </span>
    </p>
   </div>
   <div class='ocr_carea' id='block_1_3' title="bbox 117 4112 1289 4508">
    <p class='ocr_par' dir='ltr' id='par_1_4' title="bbox 117 4112 1289 4414">
     <span class='ocr_line' id='line_1_23' title="bbox 222 4112 1289 4180; baseline 0.002 -2"><span class='ocrx_word' id='word_1_184' title='bbox 222 4112 302 4178; x_wconf 89' lang='lat' dir='ltr'>Rem</span> <span class='ocrx_word' id='word_1_185' title='bbox 327 4112 472 4178; x_wconf 89' lang='lat' dir='ltr'>criticam</span> <span class='ocrx_word' id='word_1_186' title='bbox 495 4134 560 4179; x_wconf 90' lang='lat' dir='ltr'>non</span> <span class='ocrx_word' id='word_1_187' title='bbox 583 4113 643 4179; x_wconf 91' lang='lat' dir='ltr'>nisi</span> <span class='ocrx_word' id='word_1_188' title='bbox 666 4113 719 4178; x_wconf 91' lang='lat' dir='ltr'>ubi</span> <span class='ocrx_word' id='word_1_189' title='bbox 748 4113 967 4180; x_wconf 85' lang='lat' dir='ltr'>necessarium</span> <span class='ocrx_word' id='word_1_190' title='bbox 995 4121 1066 4180; x_wconf 88' lang='lat' dir='ltr'>erat</span> <span class='ocrx_word' id='word_1_191' title='bbox 1089 4116 1140 4180; x_wconf 85' lang='lat' dir='ltr'>vel</span> <span class='ocrx_word' id='word_1_192' title='bbox 1167 4136 1188 4180; x_wconf 90' lang='lat' dir='ltr'>a</span> <span class='ocrx_word' id='word_1_193' title='bbox 1211 4115 1289 4180; x_wconf 90' lang='lat' dir='ltr'>Din-</span> 
     </span>
     <span class='ocr_line' id='line_1_24' title="bbox 117 4219 1289 4304; baseline 0.003 -21"><span class='ocrx_word' id='word_1_194' title='bbox 117 4219 209 4284; x_wconf 86' lang='lat' dir='ltr'>dorfii</span> <span class='ocrx_word' id='word_1_195' title='bbox 233 4221 360 4287; x_wconf 90' lang='lat' dir='ltr'>Poetar.</span> <span class='ocrx_word' id='word_1_196' title='bbox 385 4239 472 4286; x_wconf 85' lang='lat' dir='ltr'>scen.</span> <span class='ocrx_word' id='word_1_197' title='bbox 497 4221 552 4287; x_wconf 82' lang='lat' dir='ltr'>Gr.</span> <span class='ocrx_word' id='word_1_198' title='bbox 577 4220 629 4287; x_wconf 90' lang='lat' dir='ltr'>cd.</span> <span class='ocrx_word' id='word_1_199' title='bbox 656 4221 692 4288; x_wconf 90' lang='lat' dir='ltr'>V.</span> <span class='ocrx_word' id='word_1_200' title='bbox 718 4221 794 4287; x_wconf 91' lang='lat' dir='ltr'>mihi</span> <span class='ocrx_word' id='word_1_201' title='bbox 824 4221 1077 4301; x_wconf 89' lang='lat' dir='ltr'>dissentiendum</span> <span class='ocrx_word' id='word_1_202' title='bbox 1107 4221 1289 4304; x_wconf 86' lang='lat' dir='ltr'>videbatur,</span> 
     </span>
     <span class='ocr_line' id='line_1_25' title="bbox 117 4326 1289 4414; baseline 0.003 -23"><span class='ocrx_word' id='word_1_203' title='bbox 117 4326 222 4410; x_wconf 89' lang='lat' dir='ltr'>attigi.</span> <span class='ocrx_word' id='word_1_204' title='bbox 269 4327 297 4390; x_wconf 96' lang='lat' dir='ltr'>A</span> <span class='ocrx_word' id='word_1_205' title='bbox 321 4328 386 4391; x_wconf 73' lang='lat'>263</span> <span class='ocrx_word' id='word_1_206' title='bbox 411 4327 572 4410; x_wconf 85' lang='lat' dir='ltr'>significat</span> <span class='ocrx_word' id='word_1_207' title='bbox 595 4334 696 4392; x_wconf 92' lang='lat' dir='ltr'>totum</span> <span class='ocrx_word' id='word_1_208' title='bbox 721 4347 861 4412; x_wconf 86' lang='lat' dir='ltr'>carmen,</span> <span class='ocrx_word' id='word_1_209' title='bbox 886 4328 1008 4411; x_wconf 90' lang='lat' dir='ltr'>quoda</span> <span class='ocrx_word' id='word_1_210' title='bbox 1028 4351 1057 4396; x_wconf 82' lang='lat' dir='ltr'>r.</span> <span class='ocrx_word' id='word_1_211' title='bbox 1079 4330 1143 4394; x_wconf 77' lang='lat'>263</span> <span class='ocrx_word' id='word_1_212' title='bbox 1164 4328 1289 4414; x_wconf 76' lang='lat' dir='ltr'>incipit:</span> 
     </span>
    </p>

    <p class='ocr_par' dir='ltr' id='par_1_5' title="bbox 1183 4455 1198 4508">
     <span class='ocr_line' id='line_1_26' title="bbox 1183 4455 1198 4508; baseline 0 0"><span class='ocrx_word' id='word_1_213' title='bbox 1183 4455 1198 4508; x_wconf 90' lang='lat'>1</span> 
     </span>
    </p>
   </div>
   <div class='ocr_carea' id='block_1_4' title="bbox 0 0 1420 4980">
    <p class='ocr_par' dir='ltr' id='par_1_6' title="bbox 0 0 1420 4980">
     <span class='ocr_line' id='line_1_27' title="bbox 0 0 1420 4980; baseline 0 0"><span class='ocrx_word' id='word_1_214' title='bbox 0 0 1420 4980; x_wconf 95' lang='lat' dir='ltr'> </span> 
     </span>
    </p>
   </div>
  </div>
 </body>
</html>
