2798 4980
546 313 763 382 ..21·-

303 498 318 522 ”
391 512 494 574 πέτου·
511 513 607 576 πέτου
633 513 779 590 Νικοδίκη

278 635 281 640 ·
390 621 464 697 πρὶν
488 621 707 699 ἐμπεπρῆσθαι
734 619 875 698 Καλύκην
952 671 954 674 >

332 779 335 783 .
389 748 423 791 τε
447 730 495 790 καὶ
523 727 693 805 Κρίτυλλαν
713 730 922 807 περιφυσήτω
1001 776 1013 783 .,
1090 735 1126 772 -’
1207 734 1236 738 ”

391 833 453 896 und
475 854 509 897 τε
532 833 640 910 νόμων
665 834 830 911 ἀργαλέων

391 928 461 1002 ὑπό
475 961 509 1004 τε
532 941 693 1018 γερόντων
716 943 868 1020 ὀλέθρων.

60 1051 221 1122 Similiter
245 1061 276 1126 V
303 1066 388 1129 1450
411 1053 537 1130 iambus
560 1086 688 1150 semper
711 1088 732 1131 a
755 1066 939 1132 choriambo
968 1066 1137 1151 excipitur.
1175 1079 1240 1130 mess

62 1163 241 1233 motabiles
286 1177 369 1236 sunt'
401 1194 431 1237 v.
473 1173 516 1236 58
557 1174 601 1237 60
645 1174 687 1238 69
726 1173 780 1239 ubi
828 1186 993 1258 offla,
1032 1195 1063 1240 ν.
1103 1175 1145 1237 ίθ
1187 1171 1242 1237 uhi

70 1280 230 1360 0-02—0,
267 1299 297 1342 ν.
323 1278 364 1343 ta
396 1278 450 1343 uhi
474 1304 617 1364 2---v,
648 1302 678 1346 v.
709 1282 865 1346 59:71
899 1281 954 1345 uhi
977 1315 1109 1329 --ψ
1139 1279 1242 1344 chori-

63 1379 197 1445 ambum
222 1383 395 1451 antecedit.
434 1391 532 1468 atque
555 1386 705 1469 equidem
724 1376 1013 1452 anaclasin'iamhi
1037 1386 1242 1452 statuendam

64 1506 138 1552 esse
162 1497 252 1574 puto,
285 1511 349 1573 qua
379 1493 410 1556 in
441 1493 619 1578 posteriore
650 1475 778 1576 quaque
809 1495 921 1559 horum
952 1498 1124 1560 metrorum
1148 1499 1242 1579 parte

64 1594 214 1661 trochaei
245 1598 371 1682 species
402 1600 518 1664 effecta
548 1607 606 1667 est.
654 1600 717 1665 iarn
748 1621 820 1665 curn
844 1600 931 1686 prior
954 1621 1031 1686 pars
1060 1599 1241 1664 iamborum

64 1702 226 1785 posterior
241 1725 317 1788 pars
333 1705 558 1772 trochaeorum
577 1708 668 1791 leges
684 1715 847 1791 sequatur,
872 1714 904 1772 et
923 1706 1027 1792 prima
1043 1713 1076 1771 et
1096 1713 1241 1772 extrema

64 1807 162 1874 huius
193 1811 286 1875 metri
315 1811 462 1895 syllabae
491 1811 634 1878 incertae
665 1834 735 1879 esse
767 1820 903 1899 possunt
925 1823 1068 1879 Ξ--Ξ,
1114 1812 1241 1878 iambus

65 1922 98 1980 et
123 1916 329 1984 choriambus
352 1917 435 1982 inter
459 1939 494 1983 se
518 1920 713 2004 respondent
737 1921 765 1983 V
789 1920 854 1984 526
871 1951 906 1978 =
925 1920 987 1984 631
1000 1918 1041 2003 ¹):

65 2063 95 2108 v.
113 2043 180 2106 526
204 2047 262 2107 νῦν
279 2046 315 2107 δὲ
330 2045 386 2108 τὸν
403 2045 437 2108 ἐκ
454 2047 627 2124 θήμετέρου
659 2067 689 2112 v.
706 2046 768 2110 631
783 2033 958 2143 ὀὐπιίκποθῇ
982 2042 1067 2108 οὓτω
1090 2048 1240 2120 καθαρῶς

203 2150 382 2226 γυμνασίου
406 2152 507 2225 λέγειν
530 2173 558 2214 τι
583 2155 630 2214 δεῖ
797 2152 931 2229 οὐδενὸς
953 2153 1137 2230 ἠκούσαμεν
1160 2151 1212 2213 οὐ-

183 2255 322 2330 καινόν,
346 2255 435 2333 ὅπως
458 2260 658 2336 φανήσει-
796 2261 832 2321 δὲ
854 2262 991 2335 ξυνετῶς
1013 2259 1171 2334 λέγοντος.

103 2389 105 2393 ’
173 2381 261 2444 luter
285 2378 409 2446 iambos
433 2381 635 2446 inveniuntur
659 2382 800 2446 dochmii
823 2383 861 2447 V.
886 2404 916 2448 v.
942 2382 1006 2446 730
1030 2380 1101 2460 μηδ’
1125 2381 1239 2459 ἀτενής

64 2487 146 2562 ἄγαν
182 2487 349 2565 ἀτεράμων
382 2486 408 2551 τ’
443 2487 522 2567 ἀνήρ
557 2519 592 2547 =
625 2489 669 2552 44
701 2487 764 2552 τότ’
797 2488 978 2567 ἐπεμαίνετ’·
1025 2489 1142 2564 έγνωκε
1177 2491 1239 2567 γὰρ

64 2595 183 2672 ἀρτίως
213 2595 277 2658 733
301 2596 354 2657 σοὶ
380 2598 416 2658 δὲ
445 2599 503 2659 νῦν
533 2617 581 2673 τις
611 2599 844 2675 θεῶνίπαρὼν
872 2598 1019 2676 ἐμφανής
1042 2629 1083 2652 =
1107 2596 1149 2660 47
1180 2601 1238 2660 νθν

172 2813 194 2877 ¹)
214 2810 247 2865 V.
267 2811 319 2890 666
339 2813 378 2874 ὼς
397 2812 429 2864 δέ
447 2810 529 2863 πάντ’
549 2811 730 2878 ἐπελήλυθεν,
744 2811 826 2880 quod
840 2813 1035 2882 interpretem
1053 2812 1165 2881 resipit,
1185 2813 1238 2880 qui

62 2900 256 2953 enuntiatum
283 2901 382 2953 minus
406 2900 553 2953 usitatum
579 2901 659 2953 male
684 2900 830 2954 mutando
857 2901 1050 2970 explanabat,
1069 2916 1144 2953 corr.
1164 2900 1237 2954 Her·

60 3003 194 3043 mannus
212 2989 243 3042 in
264 2991 303 3052 ὡς
322 2989 372 3041 ὅδε
391 2986 471 3040 πάντ’
491 2990 597 3054 ἐπῆλθε
616 2989 729 3041 κοάιδέν
747 3005 780 3041 τι.
792 3019 827 3027 -
840 3005 868 3042 ν.
888 2989 941 3042 532
959 2987 1040 3042 τονδὶ
1059 3004 1113 3058 pro
1132 2989 1185 3041 τὸν
1204 2990 1237 3042 δὲ

60 3076 219 3131 Bentleius
246 3077 371 3146 scripsit.
399 3105 433 3113 -
457 3094 485 3130 v.
500 3076 556 3130 »535
583 3093 626 3146 sq.
653 3079 797 3131 traditum
824 3082 870 3131 est
894 3078 1005 3143 γένοιτο
1032 3082 1083 3130 νθν
1101 3072 1193 3140 οὗτός
1213 3072 1240 3129 σ’

61 3165 161 3218 ἐθέλει.
199 3165 374 3219 Dindorflus
401 3166 521 3236 scripsit
545 3165 649 3231 γένοιθ’
675 3166 761 3230 οίιτός
787 3165 811 3218 σ’
837 3167 932 3221 ἐθέλει.
965 3166 1104 3235 equidem
1130 3181 1236 3220 vocem

60 3255 150 3318 οὗτος
168 3254 328 3308 delendam
348 3269 415 3309 esse
435 3270 583 3322 censeam,
602 3259 637 3335 ut
657 3256 860 3326 respondeant

96 3377 126 3414 ν.
146 3359 199 3414 535
219 3376 260 3429 sq.
281 3361 358 3427 εἴπερ
379 3361 394 3413 ὃ
415 3361 451 3426 μή
472 3362 584 3426 γένοιτο
710 3379 738 3415 ν.
757 3361 810 3416 640
830 3377 872 3432 sq.
894 3364 982 3426 αὐτὸς
1000 3363 1084 3418 ἔδοξα
1103 3362 1200 3428 νήσοις

276 3455 329 3503 νθν
348 3449 372 3502 σ’
392 3450 481 3503 ἐθέλει
500 3454 644 3516 κρατῆσαι.
896 3451 1037 3517 ἡδόμενος
1056 3451 1172 3516 λέγοντι.
1230 3470 1234 3475 ·

59 3559 152 3612 valde
170 3562 330 3629 corruptus
349 3563 395 3611 est
409 3574 436 3610 v.
450 3556 511 3611 542.
544 3559 687 3613 traditum
702 3563 748 3612 est
762 3558 958 3623 σκωπτόμενοι
979 3557 1002 3611 δ’
1022 3561 1056 3613 ἂν
1076 3560 1113 3612 ἐν.
1146 3558 1235 3625 Dind.

59 3648 164 3702 deleta
182 3648 292 3700 vocula
312 3649 346 3701 ἀν
359 3664 387 3700 ν.
401 3645 453 3700 542
466 3651 496 3700 et
509 3645 545 3699 43
562 3648 593 3700 in
613 3664 708 3701 unum
728 3648 879 3702 contraxit
896 3652 926 3701 et
946 3646 1087 3712 καλοίμεθ’
1105 3649 1237 3701 mutavit

59 3738 93 3790 in
114 3734 272 3800 καλούμεθ’.
317 3736 370 3790 sed
396 3736 488 3790 verba
513 3738 605 3812 τοῖσιν
631 3737 710 3800 δδοῖς
729 3736 1020 3807 ἀπάσοιςορίίιιιιιιυ
1050 3751 1172 3793 vorsum
1199 3752 1236 3791 ac

59 3841 184 3880 sensum
204 3824 334 3878 reddunt
353 3830 383 3879 et
403 3828 456 3879 dv.
471 3865 497 3877 ..
517 3824 659 3889 καλοίμεθ’
679 3827 790 3896 optime
817 3841 848 3880 se
874 3825 973 3879 habet.
1011 3826 1115 3894 itaque
1133 3842 1160 3878 v.
1181 3818 1239 3890 542'

59 3915 139 3970 duas
164 3911 303 3983 'syllabas
331 3915 478 3970 excidisse
506 3931 631 3970 necesse
661 3920 719 3981 est,
747 3933 817 3970 narn
846 3933 873 3969 v.
894 3916 1129 3986 antistrophicus
1158 3909 1240 3984 (6465

58 4005 182 4074 integer
200 4007 246 4057 est
265 4034 290 4040 —
301 4016 521 4043 υυυυυυυ
530 4022 537 4071 ;
556 4021 584 4058 ν.
603 4003 656 4058 646
675 4009 778 4060 autem
801 4005 818 4058 3
835 4009 932 4059 metra
951 4004 1139 4059 intercidisse
1158 4005 1235 4058 acci-

58 4092 205 4163 piendum
224 4095 278 4160 est,
298 4108 427 4160 quorum
446 4094 575 4163 primurn
595 4098 640 4148 est
660 4095 878 4148 catalecticum.
905 4094 1035 4149 scribam
1054 4094 1149 4164 igitur

96 4214 124 4252 v.
145 4197 198 4251 542
217 4198 414 4263 σκωπτόμενοι
434 4197 457 4251 δ’
477 4202 511 4253 ἀν
531 4213 583 4240 -ν
602 4201 632 4253 ἐν
749 4214 777 4253 ν.
797 4198 849 4252 646
868 4215 924 4253 -νοι
943 4202 1067 4266 χαλεπὸν
1093 4212 1173 4240 ww

218 4289 309 4340 ταῖσιν
329 4288 408 4350 δδοῖς
427 4288 548 4353 ἀπάσαις

103 4440 106 4445 ,
218 4376 396 4443 θαλλοφόροι
415 4379 472 4430 κτλ.
