2798 4980
588 321 631 334 ..
676 280 719 345 24

104 479 153 551 Ε.
170 500 200 544 v.
217 478 282 543 915
298 497 380 561 sqq.²
400 478 453 543 ubi
470 476 665 542 antecedunt
683 477 700 540 l
718 474 864 570 iambi¹):
886 474 952 538 ἀλλ’
974 475 1000 538 ὠ
1017 473 1080 551 μαῖ’
1097 473 1286 551 ἱκετεύομαι,
1320 435 1322 438 ⁴
1379 465 1380 475 ’

115 585 200 650 κάλει
223 586 280 648 τὸν
304 583 515 664 Ὀρθαγόραν,
544 583 654 660 ὅπωςΙ
673 587 794 661 σαυτῆς
818 582 857 646 ἀν
884 580 1032 657 κατόναι’,
1058 582 1215 660 ἀντιβολῶ
1238 595 1288 643 σε.
1382 574 1397 595 ’

114 715 376 743 .......
407 715 543 743 ..υ-υ
573 693 934 751 -υυ-υ-Ι---
966 713 1103 740 υυ..-
1135 695 1288 753 vua-E,

114 799 196 863 alter
219 817 331 864 versus
355 798 491 863 recurrit
504 798 564 879 Eq.
584 819 614 863 v.
631 797 696 862 559
712 816 760 877 sq.
778 788 863 874 δεῦρ’
880 794 943 860 ἔλθ’
960 797 993 873 ἐς
1010 797 1108 875 χορὸν
1125 796 1152 859 ἀι
1167 809 1288 874 χρυσο-

114 903 223 985 τρίαιν’
254 905 295 968 ubl
321 906 481 984 δελφίνων
511 905 634 982 μεδέων
663 903 857 981 Σουνιάρατε
890 933 927 960 .-;
954 903 996 968 89
1021 922 1069 985 sq.
1100 903 1183 968 inter
1214 900 1287 984 gly-

115 1032 241 1078 coneos.
258 1011 466 1077 memorabile
482 1018 532 1078 est
546 1012 722 1076 membrum
736 1010 816 1076 illud
829 1051 851 1060 -
868 1035 887 1062 υ
903 1035 922 1063 υ
939 1000 997 1062 -ὐ
1014 1051 1050 1077 -.
1074 1029 1187 1074 versus
1203 1006 1288 1072 eius

115 1119 188 1185 dem
202 1118 322 1204 speciei
339 1125 437 1200 atque
452 1120 490 1186 E.
507 1142 538 1186 v.
549 1119 614 1184 915
631 1125 759 1184 exstant
774 1119 812 1185 E.
829 1141 859 1184 v.
877 1119 941 1183 938
958 1138 1006 1200 sq.
1030 1116 1088 1181 εἴθ’
1109 1118 1182 1195 ἐξῆν
1197 1117 1289 1193 παρὰ

113 1235 151 1312 τῆ
174 1228 232 1310 νέᾳ
255 1226 419 1291 καθεύδειν
433 1232 438 1290 l
454 1227 505 1290 καὶ
529 1229 570 1305 μῆ
594 1225 651 1290 ’δει
673 1226 830 1305 πρότερον
855 1230 1073 1303 διασποδῆσαι
1091 1254 1128 1282 =
1148 1223 1214 1287 942
1238 1241 1288 1303 sq.

115 1338 291 1416 sequuntur
315 1335 335 1397 2
359 1333 458 1398 iambi
483 1333 641 1411 ἀνάσιμον
664 1335 682 1411 ἢ
706 1334 926 1411 πρεσβυτέραν
950 1338 982 1396 et
1005 1330 1183 1401 membrum
1206 1327 1289 1393 illud

114 1481 140 1490 -
156 1465 175 1493 υ
192 1464 212 1492 υ
226 1481 251 1488 -
267 1464 286 1492 υ
304 1480 326 1489 -
358 1439 556 1523 geminatum
590 1440 628 1503 οὐ
658 1441 719 1518 γὰρ
750 1439 927 1518 ἀνασχετὸν
949 1438 1043 1502 τοῦτό
1066 1435 1094 1512 γ’
1118 1436 1289 1518 ἐλευθέρῳ.

116 1588 159 1600 -
181 1547 279 1613 iambi
307 1546 533 1630 antecedunt²)
567 1553 599 1612 et
628 1552 805 1629 sequuntur
836 1545 959 1611 ionicos
989 1545 1116 1611 Ε952.
1162 1541 1289 1608 ionicos

115 1655 298 1722 exscribam
323 1653 560 1738 emendatos³):

115 1783 146 1829 v.
159 1762 225 1828 954
239 1762 322 1825 πάνυ
334 1761 396 1840 γάρ
408 1781 446 1839 με
459 1764 547 1825 δονεῖ
560 1762 665 1838 δεινὸς
677 1761 759 1839 ἔρως
775 1780 822 1838 τις
852 1783 1288 1812 υυυυυυυυυυυ

239 1871 341 1932 τῶνδε
364 1871 429 1931 τῶν
448 1871 522 1954 ,σῶν
546 1867 731 1946 βοστρύχων

240 1974 360 2053 ἄτοπος
375 1973 403 2038 δ’
419 1974 551 2050 ἐγκεῖταί
568 1976 619 2052 μοί
636 1994 682 2052 τις
698 1975 801 2051 πόθος
854 1998 1184 2026 --------
1200 1995 1237 2023 w

243 2080 281 2159 ὅς
304 2101 342 2158 με
366 2081 555 2157 διακναίσας
578 2081 648 2160 ἔχει.

115 2188 213 2274 plane
240 2186 413 2252 iambicum
441 2193 490 2252 est
517 2205 646 2252 carmen
670 2187 697 2251 E
721 2187 832 2271 969⁴);
862 2193 1081 2267 tetrametrum
1110 2192 1290 2268 sequuntur

277 2293 413 2374 εἰρημέν’
437 2294 533 2358 ἐστίν.
558 2295 599 2357 σὺ
624 2295 660 2358 δέ
683 2315 735 2372 μοι
760 2295 912 2374 φίλτατον
936 2296 962 2358 ὢ
987 2294 1113 2358 ἱκετεύω

278 2400 405 2467 ἄνοιξον
430 2400 576 2466 ἀσπάζου
600 2422 655 2478 με·
688 2402 741 2466 διά
764 2423 811 2465 τοι
836 2405 875 2466 σὲ
897 2403 1017 2480 πόνους
1041 2402 1112 2481 έχω.

116 2508 150 2573 in
173 2507 236 2572 fine
259 2507 394 2574 recurrit
417 2507 593 2571 membrum
617 2507 696 2571 illud
720 2549 744 2556 -
761 2533 779 2560 υ
796 2533 815 2560 υ
830 2548 855 2557 -
871 2524 941 2574 υ·-.

224 2614 267 2678 Hi
289 2614 387 2696 igitur
409 2613 533 2678 numeri
556 2615 669 2680 molles
693 2636 755 2680 non
779 2614 882 2681 minus
905 2614 948 2681 ad
971 2615 1110 2681 furorem
1126 2614 1291 2680 bacchan-

117 2721 208 2804 tium,
232 2721 287 2785 nbi
310 2726 377 2786 toto
402 2741 536 2805 corpore
560 2727 592 2786 te
615 2720 709 2787 dedis
732 2740 772 2786 ec
795 2721 921 2787 veheris
945 2720 1048 2803 magis
1069 2741 1165 2803 quam
1189 2722 1290 2804 regis,

117 2847 214 2910 quam
245 2826 288 2892 ad
318 2825 483 2891 libidinem
514 2826 690 2891 amantium
717 2827 960 2912 exprimendam
991 2828 1059 2913 apti
1091 2834 1174 2894 sunt.
1221 2849 1290 2892 mo-

117 2935 221 3000 lossus
236 2941 294 2999 ⁴ter
317 2933 472 3019 repetitus
496 2933 616 3018 optime
644 2953 679 2999 se
703 2933 800 3000 habet
823 2935 883 3000 Αν.
908 2956 938 3000 ν.
966 2936 1061 3019 1723,
1093 2934 1147 2998 ubi
1171 2933 1291 2999 chorus

118 3040 357 3126 pulchritudine
369 3039 515 3123 Reginae
528 3039 621 3123 quasi
634 3041 801 3125 perculsus
816 3040 1028 3107 admiratione
1042 3047 1166 3125 stupet:
1181 3041 1207 3104 ὦ
1224 3045 1291 3121 φεῦ

119 3152 181 3229 φεύ
204 3154 261 3227 τῆς
284 3149 372 3227 ὥρας
395 3151 451 3212 τού
475 3148 618 3226 κάλλους.
642 3154 818 3231 sequuntur
842 3147 1019 3213 choriambi
1040 3149 1066 3212 ὦ
1091 3149 1291 3227 μακαριστὸν

119 3257 161 3320 σὺ
184 3255 288 3334 γάμον
309 3258 385 3338 τῇδε
408 3255 496 3318 πόλει
524 3257 635 3334 γήμας.
681 3255 898 3321 memorabilis
929 3261 978 3320 est
999 3239 1170 3321 ¹entremus
1201 3262 1291 3321 eata·

226 3451 248 3520 ¹)
267 3451 300 3505 V.
320 3451 373 3504 913
399 3451 492 3505 verba
519 3451 572 3516 οὐχ
596 3451 656 3516 ἥκει
683 3453 836 3518 μούταῖρος
862 3453 928 3518 etit
955 3451 1008 3517 γάρ
1035 3468 1080 3516 μοι
1104 3451 1197 3518 μήτηρ
1218 3453 1289 3519 άλλῃ

121 3541 221 3607 βέβηκε
240 3557 301 3595 non
321 3545 393 3594 sunt
412 3538 621 3610 Aristophanis
642 3541 694 3595 sed
715 3541 1019 3611 interpolatoris„illa
1038 3540 1077 3594 ad
1091 3557 1119 3593 v.
1133 3539 1193 3608 912,
1213 3541 1291 3595 haee

119 3630 158 3682 ad
177 3646 204 3682 V.
225 3628 277 3682 913
296 3628 455 3699 adscripta.
494 3629 684 3683 scribendum
710 3631 807 3700 igitur
832 3633 893 3684 est:
919 3628 977 3682 αἰαῖ
1002 3629 1028 3682 τί
1053 3646 1124 3682 ποτε
1149 3628 1290 3693 πείσομαι·

121 3718 192 3785 μόνη
213 3719 266 3784 γὰρ
287 3719 377 3771 αὐτοῦ
397 3717 532 3781 λείπομαι.
553 3746 587 3756 -
605 3735 633 3773 v.
654 3718 706 3772 914
725 3735 778 3790 pro
799 3717 843 3771 καὶ
861 3717 937 3771 πάλλ’
957 3719 1043 3772 ούδὲν
1070 3734 1139 3772 cum
1158 3717 1289 3773 Velseno

120 3808 249 3861 scribam
270 3805 314 3859 καὶ
332 3807 421 3859 τᾶλλα
440 3805 465 3871 μ’
485 3808 578 3862 οὐδέν.

225 3896 249 3963 ²)
270 3895 352 3958 Quos
380 3896 523 3967 descripsi
551 3914 600 3968 pg.
630 3897 672 3951 18.
710 3914 738 3950 v.
757 3896 811 3951 954
838 3913 908 3952 cum
935 3897 1108 3952 Hermanno
1138 3898 1180 3951 sie
1206 3897 1291 3951 resti·

121 3987 229 4040 tuerim
247 3985 302 4052 τὴν
322 3985 589 4055 εύφρόνην<φίλος>
607 3988 686 4051 ὅπως
704 3985 883 4054 <τήνδ’>ἑσει,
911 4002 981 4039 nam
1007 3985 1291 4056 v.antist1·cphicus

121 4090 214 4130 sanus
234 4079 280 4130 est
298 4073 385 4142 τήνδ’·
405 4073 428 4128 εἰ
448 4075 480 4127 δὲ
499 4075 535 4140 μῆ
556 4075 725 4128 καταπεσὼν
744 4074 878 4139 κείσομαι.
987 4104 989 4108 =

226 4165 249 4212 ll
269 4163 426 4218 Traditum
453 4168 499 4217 est
517 4180 545 4217 v.
565 4162 618 4217 954
645 4165 719 4217 πάνυ
747 4165 801 4230 γάρ
828 4180 869 4228 τις
897 4164 970 4229 ἔρως
998 4179 1031 4228 με
1059 4165 1145 4217 δονεῑ.
1181 4177 1290 4217 versus

122 4253 332 4323 antistrophiei
350 4253 469 4308 restitui
487 4269 548 4306 non
566 4255 627 4307 iam
645 4257 779 4323 possunt.

229 4341 253 4410 4)
272 4341 452 4397 Emendavit
470 4340 548 4411 wil,
567 4341 619 4396 Ph.
640 4341 675 4398 U.
695 4341 738 4397 IX
757 4341 817 4398 138.
