2798 4980
589 294 812 360 ..34-

157 493 312 558 Παλλάὸα
335 496 393 571 τήν
416 493 590 572 φιλόχορον
614 491 681 570 ἐμοὶ

202 602 297 677 δεῦρο
322 601 428 662 καλεῖν
450 598 550 676 νόμος
573 598 606 674 ἐς
624 597 723 675 χορόν

198 707 360 784 παρθένον
384 704 484 779 ἄζυγα
507 704 633 782 κούρην,

149 811 190 874 Ἣ
214 811 307 875 πόλιν
330 811 485 889 ἡμετέραν
508 810 568 888 ἔχει

200 921 250 982 καὶ
273 919 390 997 κράτος
413 918 557 998 φανερὸν
580 917 659 996 μόνη

199 1025 375 1109 κλῃδοῦχός
397 1045 431 1087 τε
455 1026 601 1087 καλεῖται.

604 1163 790 1231 4bacchii.

155 1283 268 1361 Δῆμος
291 1282 339 1345 τοί
364 1296 402 1344 σε
425 1284 513 1345 καλεῖ
534 1300 641 1357 γυναι·

200 1393 272 1452 κῶν·
297 1389 417 1468 ἔχουσα
442 1389 477 1452 δέ
501 1408 553 1465 μοι
577 1387 688 1465 μόλοις

98 1480 102 1493 ’
199 1496 327 1574 εἰρήνην
350 1495 531 1574 φιλέορτον.

151 1601 252 1666 Ἣκετ’
277 1588 434 1681 εὔφρονες
454 1601 539 1665 ἵλαοι

197 1711 321 1774 πότνιαι
346 1708 447 1785 ἄλσος
471 1708 504 1786 ἐς
527 1708 689 1787 ὑμέτερον,

199 1817 237 1880 οὗ
255 1819 293 1895 δὴ
311 1815 468 1894 ἀνδράσιν
485 1814 523 1878 οὐ
540 1816 628 1894 θέμις
643 1815 779 1892 εἰσορᾶν
855 1856 880 1864 -
913 1856 936 1863 -
1045 1838 1106 1866 -υ
1182 1855 1203 1864 -
1246 1856 1265 1863 -

199 1923 291 2003 ὄργια
315 1923 418 2000 σεμνὰ
442 1925 529 1986 θεοῖν
552 1924 615 1986 κτλ.
727 1923 744 1986 l
770 1920 905 2005 dactyli.

155 2031 300 2095 Μόλετον
324 2030 451 2093 ἔλθετον
475 2028 671 2107 ἀντόμεθίθ
856 2053 891 2080 w
914 2053 933 2080 υ
964 2069 990 2077 -
1005 2054 1023 2081 υ
1042 2053 1060 2080 υ
1103 2069 1125 2078 -
1143 2053 1161 2080 υ
1178 2052 1232 2080 υ-

199 2136 405 2216 Θεσμοφόραι
428 2137 634 2210 πολυποτνία,

198 2243 225 2306 εἰ
249 2244 299 2306 καὶ
322 2242 480 2321 πρότερόν
502 2240 571 2305 ποτ’
596 2242 723 2321 ἐπηκόω
854 2282 952 2302 --.
1029 2283 1054 2292 -

198 2350 315 2428 ἤλθετε
333 2352 396 2413 κτλ.
728 2347 906 2433 bdactyli.
1031 2402 1032 2405 ,

111 2483 256 2548 omnibus
279 2482 378 2566 igitur
406 2482 438 2545 in
462 2481 522 2547 hoc
546 2481 675 2564 quidem
706 2481 848 2546 carmine
878 2501 990 2548 versus
1021 2482 1172 2567 glyconei
1201 2481 1271 2547 locis

111 2588 261 2674 dactylus
284 2588 454 2654 invenitur.
500 2589 718 2655 memorabilis
742 2596 791 2655 est
818 2589 1017 2674 paenultima
1045 2590 1146 2674 longa
1171 2589 1273 2656 soluta

111 2717 142 2763 v.
168 2696 262 2780 1136,
287 2702 319 2760 et
342 2715 406 2759 una
429 2695 485 2760 illa
507 2697 615 2780 longa,
641 2717 724 2778 quac
748 2696 911 2764 antecedit
938 2697 1021 2780 basi,
1044 2719 1074 2763 v.
1102 2698 1147 2763 50
1169 2704 1201 2762 et
1222 2697 1274 2780 όθ;

111 2826 184 2870 nam
209 2807 247 2883 δὴ
272 2804 430 2882 ἀνδράσιν
445 2824 503 2888 per
527 2807 634 2870 crasin
658 2805 830 2889 legendum
855 2812 914 2872 est.
954 2805 1157 2869 continentur
1174 2809 1276 2869 autem

111 2911 218 2995 priore
240 2917 333 2995 parte
357 2911 387 2994 3,
418 2912 596 2995 posteriore
620 2914 757 2996 parte?
788 2912 940 2998 strophae
971 2910 1090 2976 similes
1121 2911 1206 2975 inter
1236 2929 1276 2992 se,

111 3023 145 3081 ut
169 3035 298 3081 carmen
322 3016 354 3081 ἐξ
377 3015 499 3094 ὁμοίων
523 3017 679 3083 efficiatur
709 3017 801 3099 quasi
824 3017 1023 3102 geminatum
1055 3015 1109 3100 (ci.
1133 3037 1190 3101 pg.
1215 3017 1277 3100 30).

216 3141 254 3205 In
277 3140 460 3206 universum
493 3149 601 3207 autem
625 3142 796 3208 dicendum
827 3149 876 3208 est
909 3161 1052 3207 summae
1084 3136 1280 3227 simplicitati

109 3249 142 3313 in
179 3247 359 3337 glyconeis¹
382 3247 559 3313 formandis
595 3248 844 3334 Aristophanem
878 3248 1043 3327 studuisse
1081 3248 1123 3332 (si
1163 3247 1280 3313 omittis

111 3375 207 3419 unum
232 3373 360 3419 carmen
385 3355 413 3418 T
439 3355 554 3439 1136),
585 3361 617 3419 ct
645 3355 708 3420 hac
739 3375 866 3438 quoque
896 3374 930 3419 re
960 3353 1057 3419 ualde
1089 3375 1109 3418 a
1139 3354 1280 3437 tragicis,

111 3461 165 3544 qui
199 3461 301 3546 primo
337 3461 488 3545 glyconei
523 3461 593 3526 loco
629 3462 726 3527 ctiam
760 3462 901 3526 iambum
937 3467 969 3525 ct
1004 3468 1217 3545 anapaestum
1251 3465 1281 3525 et

111 3567 332 3653 pyrrhichium
355 3567 562 3652 admiserunt,
587 3567 704 3634 differt.

217 3692 515 3757 Animadvertenda
530 3699 580 3758 cst
603 3691 772 3776 affinitas¹)
797 3691 880 3756 inter
903 3662 1079 3776 glyconeos
1104 3697 1135 3756 ct
1158 3691 1282 3756 iambos

113 3798 354 3884 (choriambon),
371 3798 416 3863 ita
439 3805 474 3863 ut
498 3799 524 3864 si
548 3819 611 3862 non
635 3818 696 3862 uno
713 3803 889 3879 systemate
913 3799 1000 3863 velut
1023 3799 1064 3865 N.
1081 3819 1111 3864 ν.
1128 3797 1282 3863 sco-68

112 3912 164 3990 r:
184 3906 373 3989 sas-coo)

219 4067 241 4131 1)
262 4065 354 4121 Cuius
382 4082 505 4120 caussam
531 4068 677 4121 indicavit
696 4066 764 4119 Wil.
790 4081 894 4119 comm.
920 4069 1005 4118 metr.
1028 4065 1056 4118 ΙΙ
1079 4066 1281 4136 compluribus

112 4158 195 4225 locis,
214 4156 348 4209 nondum
366 4171 439 4209 vero
459 4156 631 4225 explicavit.
650 4156 802 4209 anaclasis
821 4155 912 4207 iambi
925 4154 1087 4207 statuenda
1101 4159 1155 4222 est,
1168 4170 1229 4223 qua
1243 4169 1280 4207 ex

112 4243 138 4284 Ξ
151 4260 424 4287 -------
457 4243 643 4297 efficiebatur
673 4243 776 4283 9„-
793 4258 811 4284 υ
828 4257 847 4284 υ
885 4258 944 4285 -ν
962 4270 994 4294 -.
1048 4242 1100 4296 sed
1131 4258 1191 4295 non
1221 4244 1280 4296 iam

112 4338 273 4386 senserunt
292 4333 349 4386 hoc
367 4336 484 4402 poetae,
505 4332 557 4399 qui
577 4331 704 4384 traditas
724 4331 836 4384 formas
850 4330 1016 4399 exprimere
1034 4331 1107 4384 satis
1121 4330 1283 4385 habebant.
