2798 4980
647 322 866 388 ..50-

172 525 281 591 danda
311 530 472 606 monetur,
504 541 592 587 arses
617 528 649 586 et
672 521 780 586 theses
811 520 929 602 longae
955 516 1165 582 'severitatem
1192 537 1264 600 prae
1287 544 1313 590 se

170 633 293 699 serunt:

277 776 307 821 v.
332 754 394 818 331
421 773 469 835 sq.
492 753 612 833 παρέβη
639 756 695 830 μὲν
719 752 859 829 θεσμοὺς
883 750 1035 830 ἀρχαίους

495 860 615 939 παρέβη
641 859 665 923 δ’
693 858 809 937 ὅρκους
832 858 979 936 ὀρνίθων.

170 985 277 1050 theses
299 985 417 1064 longae
441 979 484 1046 ad
504 1003 643 1049 summas
668 983 753 1048 vires
776 982 916 1046 intentas
933 979 1157 1066 depingendus
1173 981 1321 1055 adhibitae

163 1097 244 1156 'sunt
268 1092 293 1154 P
316 1092 381 1155 459
400 1121 440 1144 =
458 1089 510 1173 86,
535 1089 590 1154 ubi
614 1092 684 1155 Pax
709 1109 727 1153 e
750 1108 879 1154 carcere
902 1087 1073 1152 liberatur:
1247 1071 1250 1077 ⁴

277 1236 308 1279 ν.
332 1214 397 1278 463
422 1213 487 1276 ἀλλ’
516 1213 574 1293 οὐχ
597 1212 724 1278 ἕλκουσ’
754 1213 868 1292 ἅνδρες
892 1212 1020 1291 ὁμοίως.

421 1321 459 1383 σθ
482 1320 693 1400 ξυλλήψεσθ’;
718 1319 761 1384 οἷ’
789 1319 989 1396 ὀγκύλλεσθ’.

420 1426 591 1504 οἰμώξεσθ’
620 1427 650 1490 οἱ
676 1428 817 1491 Βοιωτοί.

278 1556 308 1600 v.
332 1533 539 1598 benennom
563 1534 642 1598 ἕλκω
667 1534 867 1612 κάξαρτῶμαι

420 1641 625 1719 κάπεμπίπτω
649 1642 700 1705 καὶ
724 1643 910 1715 σπουδάζω

278 1775 426 1857 Denique
449 1775 626 1839 notandum
650 1781 699 1841 est
720 1782 914 1860 anapaestos
938 1775 970 1838 in
994 1774 1136 1858 priorum
1159 1774 1352 1838 fabularum

170 1903 234 1946 non
258 1882 320 1947 nisi
343 1881 500 1947 monodiis
525 1888 664 1966 exstare,
696 1881 952 1963 frequentissime
976 1900 1143 1946 occurrere
1172 1880 1205 1945 in
1234 1887 1355 1965 puste-

171 1988 318 2072 rioribus‚
343 1989 533 2074 praesertim
551 2010 623 2054 eum
638 1989 790 2055 monodia
806 1989 910 2071 magis
927 1989 1094 2071 magisque
1115 1988 1361 2054 increbrescat.

170 2094 203 2158 in
227 2095 487 2161 Acharnensibus
512 2095 638 2162 omnino
654 2116 717 2161 non
736 2096 939 2180 reperiuntur
955 2095 1136 2180 anapaesti.
1182 2095 1213 2158 in
1236 2095 1364 2179 ipsam

171 2200 330 2285 paruulum
364 2202 429 2266 iam
460 2202 646 2267 invaserunt
678 2203 795 2267 Avium
826 2204 903 2287 (327
929 2235 970 2258 =
994 2203 1061 2286 43),
1093 2202 1183 2266 cuius
1212 2200 1369 2266 fabulae

171 2307 203 2371 in
235 2308 388 2391 parabasi
418 2308 611 2374 secundaria
641 2330 769 2392 quoquc
797 2310 1000 2375 inveniuntur
1031 2310 1131 2394 (1058
1150 2340 1187 2367 =
1206 2309 1272 2392 88).
1306 2308 1370 2371 in

172 2434 278 2496 agone
302 2415 505 2480 inveniuntur
528 2415 733 2500 Lysistratae
757 2418 836 2502 (47ss
854 2447 892 2476 =
911 2417 1000 2501 541).

590 2668 632 2733 tte
656 2669 789 2734 numeris
815 2670 925 2735 mixtis.

279 2804 449 2886 Reliquum
473 2811 531 2889 est,
556 2811 647 2869 ntea
669 2805 814 2870 carmina
836 2826 1070 2891 percurramus,
1096 2829 1179 2890 qnae
1195 2829 1362 2874 numeror

172 2910 291 2976 mixtos
314 2910 334 2976 i.
360 2931 387 2977 e.
420 2931 437 2976 e
469 2911 604 2977 diversis
635 2912 809 2994 generibus
839 2914 981 2980 metricis
1012 2923 1156 3000 sumptos
1181 2916 1363 2982 exhibent

280 3044 318 3109 R.
342 3064 372 3109 ν.
397 3044 461 3108 218
486 3065 555 3127 sqq.
580 3044 662 3140 inter
685 3044 818 3130 iambos,
843 3048 990 3129 quicum
1014 3051 1095 3116 alias
1118 3058 1185 3115 tum
1208 3051 1363 3136 primun

172 3149 332 3233 syllabam
362 3169 461 3235 saepe
491 3172 697 3237 suppressam
729 3154 890 3243 habent'),
921 3158 954 3222 hi
983 3159 1186 3224 inveniuntur
1215 3179 1347 3225 versus

440 3276 517 3356 ἡνίχ’
540 3278 558 3341 ὁ
582 3281 845 3360 κραιπαλόκωμος

440 3385 506 3460 τοῖς
530 3383 642 3462 ἱεροῖσι
666 3391 807 3466 χυτροῑσι

439 3493 535 3568 χωρεῖ
557 3490 623 3554 κατ’
647 3493 724 3571 ἐμὸν
747 3496 877 3573 τέμενος
901 3500 987 3560 λαῶν
1012 3497 1116 3577 ὄχλος.

173 3608 225 3673 3(1
256 3609 306 3691 βα
337 3609 387 3674 3d
418 3617 503 3695 (curn
536 3613 696 3696 anacrnsi)
734 3620 773 3699 q-
809 3636 826 3680 e
859 3619 1110 3704 (eatalecticus);
1142 3628 1216 3686 sunt
1248 3622 1310 3706 igin

174 3716 450 3800 dactylo-epitriti.
477 3756 516 3766 —
542 3720 579 3784 Τ.
605 3742 634 3786 ν.
662 3723 746 3786 1043
770 3743 840 3805 sqq.
866 3743 977 3790 versus
994 3745 1052 3790 sex
1077 3733 1109 3791 et
1130 3728 1245 3810 viginti
1267 3729 1307 3793 iar

171 3823 263 3904 bicos
286 3823 392 3888 multis
417 3824 568 3890 brevibus
591 3828 773 3912 suppressis
796 3838 972 3912 sequuntur
997 3833 1140 3898 trochaei

441 3951 478 4027 ὃς
502 3950 548 4028 ἔμ’
572 3952 750 4033 ἀπεξύρησε
773 3961 909 4034 πρῶτον,

441 4058 478 4134 ὃς
502 4058 555 4136 ἐμὲ
578 4061 710 4137 κροκόεν
733 4061 799 4126 τόδ’
823 4064 974 4131 ἐνέδυσεν

282 4288 304 4354 ¹)
324 4287 461 4359 Namque
482 4292 573 4345 etiam
595 4294 752 4358 βρεκεκεκὲξ
770 4297 839 4351 κοὰξ
862 4297 929 4352 κοὰξ
948 4298 1023 4352 illud
1048 4303 1256 4355 tetrametrum

173 4376 276 4430 bicum
296 4390 457 4447 suppressa
477 4379 574 4449 prima
593 4381 690 4436 efficit.
