2798 4980
590 320 720 386 -,33
767 363 811 371 —

236 513 298 579 τόν
321 537 354 579 τε
378 522 556 596 μεγασθενῆ
582 517 723 596 τριαίνης
746 518 861 594 ταμίαν

238 626 302 700 γῆς
324 643 357 686 τε
382 625 432 686 καὶ
457 623 600 701 ἁλμυρᾶς
624 624 746 687 θαλάσ-

241 743 307 807 σης
330 728 441 808 ἄγριον
464 732 645 809 μοχλευτήν·

651 852 702 917 9ι1

244 975 301 1038 τόν
325 973 352 1037 θ’
377 962 565 1053 ἱππονώμαν
591 977 627 1052 ὃς
650 975 886 1054 ὑπερλάμπροις
911 975 1036 1040 ἀκτῖσιν
1060 976 1210 1061 κατέχει’)

242 1086 302 1160 γῆς
324 1082 433 1156 πέδον,
458 1084 556 1159 μέγας
580 1082 614 1145 ἐν
639 1085 726 1160 θεοῖς

246 1189 280 1252 ἐν
304 1189 447 1267 θνητοῖσί
471 1210 504 1253 τε
529 1190 662 1266 δαίμων.

106 1309 264 1377 liberiore
287 1312 386 1396 igitur
409 1312 534 1376 ratione
558 1311 738 1405 composita
761 1318 835 1376 sunt
859 1311 942 1377 haee
958 1312 1112 1396 carmina,
1137 1311 1293 1396 imprimis

111 1436 264 1500 eaquae
295 1418 327 1482 in
358 1417 511 1502 parabasi
542 1420 647 1502 posita
677 1425 760 1483 suut.
807 1418 868 1482 hoc
899 1438 975 1483 vero
1006 1419 1146 1482 maxime
1176 1438 1295 1483 memo-

111 1526 219 1590 rabile
244 1531 303 1609 est,
327 1526 504 1609 glyconeos
520 1524 823 1608 polyschematistos
844 1524 932 1589 iniis
949 1531 1073 1591 tantum
1097 1524 1293 1590 carminibus

112 1653 202 1715 quae
232 1633 264 1696 in
293 1632 445 1716 parabasi
469 1631 576 1716 posita
608 1639 682 1696 suut
712 1652 893 1716 occurrere,
927 1632 953 1698 si
985 1631 1114 1713 quidem
1145 1633 1172 1696 T
1206 1632 1292 1696 1136

113 1740 296 1824 paullisper
319 1737 448 1822 omittis,
475 1738 562 1820 quod
586 1758 716 1803 carmen
739 1739 836 1823 plane
860 1739 1024 1822 singulare
1048 1746 1125 1804 cst.¹

227 1844 322 1922 Quod
345 1845 378 1908 in
401 1845 671 1929 Acharuensibus,
687 1845 792 1930 prima
808 1845 1032 1930 Aristophanis
1056 1845 1168 1911 fabula
1184 1864 1294 1909 earum

118 1973 206 2034 quae
230 1958 379 2017 servatae
403 1959 486 2037 suut,
512 1952 663 2036 glyconei
687 1973 750 2016 nou
781 1959 921 2036 exstant,
954 1953 1013 2016 hoc
1042 1953 1098 2016 vix
1127 1952 1217 2016 casui
1241 1954 1295 2017 tri-

116 2058 212 2124 bues,
252 2058 311 2123 sed
337 2058 505 2143 paullatim
529 2058 621 2140 quasi
645 2065 774 2142 poetam
798 2058 974 2143 glyconeos
997 2056 1165 2122 induxisse
1188 2064 1294 2142 putes,

117 2165 258 2250 primum
282 2164 314 2228 in
337 2165 518 2249 Equitibus,
547 2165 603 2230 ubi
627 2165 704 2247 quia
733 2164 808 2230 novi
832 2173 933 2248 erant,
964 2162 1113 2249 cupidius
1143 2183 1199 2228 eos
1229 2185 1295 2227 am-

117 2272 337 2358 plectebatur3
363 2271 464 2336 tribus
488 2274 572 2337 euim
596 2273 675 2336 locis
698 2271 913 2338 inveniuntur.
947 2291 1023 2335 mox
1046 2291 1122 2336 vero
1145 2276 1212 2334 tam
1229 2270 1295 2334 triti

120 2386 224 2462 erant,
248 2384 283 2442 ut
308 2378 352 2462 (in
376 2378 609 2462 posterioribus
633 2377 762 2460 quidem
793 2377 923 2462 sabulis)
956 2378 1052 2442 etiam
1080 2376 1113 2440 in
1137 2375 1294 2460 parodum

122 2485 164 2570 (E
197 2485 275 2568 289)
309 2484 513 2569 invaderent;
554 2506 628 2549 nam
666 2484 752 2567 quod
784 2484 817 2548 in
850 2484 1011 2569 parabam,
1045 2483 1101 2548 ubi
1134 2484 1230 2549 etiam
1263 2483 1295 2546 in

120 2591 264 2656 numeris
288 2591 480 2657 adhibendis
503 2612 623 2674 magna
645 2600 762 2676 poetae
789 2592 919 2656 licentia
947 2597 1025 2675 erat,
1055 2591 1185 2675 saepius
1208 2589 1296 2655 inve-

120 2697 263 2781 niuntur,
287 2696 374 2762 haud
397 2698 443 2762 ita
466 2697 580 2761 mirum
605 2706 662 2764 est.
710 2698 796 2779 quod
821 2698 848 2763 si
879 2698 909 2763 in
934 2697 1118 2782 Lysistrata
1144 2694 1296 2780 glycouei

121 2825 186 2869 non
204 2811 333 2869 exstant
348 2805 451 2889 primo
468 2805 581 2869 obtutu
598 2825 720 2869 summo
740 2806 808 2869 iure
829 2805 962 2870 mireris.
1001 2803 1062 2869 sed
1081 2802 1296 2887 reputandum

122 2916 174 2975 est
196 2916 327 2995 poetam
349 2912 382 2974 in
406 2911 467 2975 hac
490 2911 602 2976 sabula
625 2911 774 2993 antiquas
794 2910 980 2976 comoediae
996 2910 1116 2974 formas
1139 2915 1295 2994 repetere,

121 3023 159 3081 ut
190 3015 231 3081 de
261 3015 421 3082 industria
454 3036 602 3082 numeros
633 3017 705 3082 illos
739 3016 933 3082 recentiores
967 3015 1106 3081 evitasse
1136 3013 1296 3079 videatur.

121 3141 230 3204 neque
253 3121 463 3187 omittendum
487 3128 535 3186 est
558 3121 591 3185 in
611 3141 676 3186 una
697 3142 714 3187 e
735 3122 966 3206 posterioribus
988 3121 1106 3186 fabulis
1130 3121 1172 3204 (T
1199 3120 1296 3201 1136)

123 3228 225 3294 semel
238 3234 367 3313 poetam
379 3228 542 3294 liberrima
554 3228 768 3313 componendi
780 3229 955 3312 glyooueos
968 3229 1092 3293 ratione
1106 3248 1198 3292 usum
1215 3245 1297 3292 esse.

233 3333 299 3399 Sed
323 3336 386 3398 iam
420 3355 525 3418 pauca
558 3334 599 3398 de
631 3334 856 3419 Aristophanis
888 3355 1000 3401 versus
1033 3336 1208 3419 glyconeos
1235 3334 1299 3397 for-

122 3441 236 3507 mandi
259 3441 383 3505 ratione
407 3447 439 3506 et
470 3441 511 3507 de
538 3447 654 3506 natura
678 3461 786 3506 eorum
806 3441 936 3507 addam.
984 3442 1016 3506 in
1046 3442 1116 3507 basi
1148 3439 1299 3524 glyconei

124 3548 183 3631 qui
206 3548 336 3632 proprie
359 3548 476 3613 dieitur
500 3548 664 3633 spondeus
687 3549 786 3613 nrrrlto
817 3548 1014 3632 frequentior
1044 3556 1093 3614 est
1116 3567 1212 3630 quam
1236 3553 1300 3610 tro-

125 3655 258 3720 chaeus.
304 3655 430 3720 iambus
461 3674 624 3736 nunquam
652 3655 822 3721 invenitur.
876 3655 1059 3740 tribrachys
1089 3654 1228 3720 occurrit
1260 3654 1300 3718 R.

126 3785 159 3830 ν.
186 3763 268 3828 1251
294 3764 322 3827 τί
346 3783 422 3826 ποτε
445 3766 575 3841 πρᾶγμα
599 3764 764 3840 γενήσεται
789 3763 832 3826 53
856 3762 912 3827 τίν’
936 3762 999 3842 ἄρα
1027 3764 1144 3842 μέμψιν
1168 3762 1300 3835 ἐποίσει,

128 3869 162 3934 in
185 3869 343 3954 glyconeo
368 3867 654 3953 polyschematisto
679 3870 717 3934 T.
742 3890 772 3934 v.
800 3870 884 3933 1155
904 3870 1037 3946 μόλετον
1061 3871 1190 3934 ἔλθετον
1210 3868 1300 3932 ἄντο-

131 3976 196 4056 μεθ’
221 3977 264 4052 ὧ;
284 3975 433 4061 dactylus
457 3976 489 4039 in
513 3976 654 4040 carmine
678 3977 705 4039 T
733 3977 817 4041 1136
841 3976 1065 4060 compluriens.
1112 3975 1171 4041 sed
1199 3982 1302 4039 totum

131 4083 192 4148 hoc
215 4102 344 4147 carmen
368 4084 550 4148 exscribere
574 4082 671 4147 liceat

239 4281 261 4348 1)
281 4281 327 4335 De
347 4282 511 4335 choriambi
529 4282 625 4334 forma
644 4280 697 4334 illa
721 4295 802 4349 quae
821 4283 941 4334 constat
966 4295 983 4333 e
1007 4285 1153 4349 quattuor
1178 4280 1303 4349 syllabis

134 4369 232 4440 longis
250 4384 279 4423 ν.
298 4386 347 4440 pg.
368 4370 411 4422 21.

1197 4476 1214 4529 3
