2798 4980
674 284 892 348 -ro-

195 484 300 558 caute,
325 486 360 543 ut
382 477 572 542 facetiarum
596 477 718 560 aliquid
743 478 926 563 adderetur,
951 485 1049 561 atque
1073 479 1105 543 in
1128 480 1191 545 fine
1216 477 1362 544 carminis

195 590 240 666 (v.
264 585 329 649 438
354 590 421 667 sq).
441 583 598 651 adhibuit.
644 573 791 651 similiter
821 587 859 651 A.
884 608 914 652 v.
939 586 1003 651 947
1035 585 1067 649 in
1096 587 1193 669 longo
1224 583 1362 650 carmine

196 690 286 755 chori
310 711 350 755 ac
373 691 615 776 Dicaeopolidis
639 713 720 757 unus
750 692 885 757 dimeter
914 693 1026 758 Boeoti
1056 693 1247 759 immittitur.
1273 693 1313 757 Τ.
1336 713 1362 759 v.

197 798 350 863 710-13
378 819 465 883 vero,
498 819 579 881 quos
612 798 797 865 Dindorfius
827 799 935 865 nescio
963 820 1028 881 qua
1052 799 1094 865 de
1117 820 1217 865 causa
1241 798 1363 864 mulieri

195 905 319 989 primae
354 904 459 990 dedit,
501 928 522 971 a
565 905 694 971 codice
713 907 767 989 (R)
807 905 904 972 choro
948 907 1145 990 tribuuntur,
1188 914 1223 972 ut
1265 912 1362 971 totum

195 1011 258 1077 hoc
291 1032 420 1077 carmen
453 1013 677 1078 amoehaeum·
697 1014 780 1078 inter
815 1013 946 1078 chorum
981 1020 1013 1078 ct
1044 1013 1277 1079 Mnesilochum
1314 1013 1361 1080 sit.

196 1117 293 1183 etiam
316 1118 343 1182 L
367 1119 432 1184 959
457 1119 668 1184 amoebaeum
691 1126 756 1204 est3
781 1141 856 1184 nam
879 1142 909 1186 v.
934 1121 1000 1185 970
1022 1128 1134 1185 contra
1157 1120 1306 1186 codicem
1325 1121 1361 1205 R,

195 1227 250 1308 qui
273 1225 371 1291 choro
394 1225 563 1292 mulierum
587 1226 707 1310 tribuit,
733 1247 804 1291 cum
828 1227 944 1292 ceteris
969 1227 1116 1293 (linesiae
1146 1227 1273 1294 dandus
1305 1236 1361 1294 cst.

195 1332 333 1398 evitasse
357 1332 456 1416 igitur
478 1339 576 1417 poeta
599 1332 727 1398 videtur
749 1332 783 1397 id
808 1332 894 1415 quod
917 1354 975 1398 nos
999 1332 1135 1399 dicimus
1157 1334 1308 1399 ‘Terrett’
1332 1343 1362 1400 et

193 1439 376 1524 ‘Quartett’3
408 1440 495 1505 velut
517 1441 548 1507 N
572 1442 646 1524 700,
680 1440 735 1505 uhi
767 1440 930 1522 Socrates,
963 1440 1017 1522 qui
1053 1447 1148 1505 antea
1182 1448 1214 1505 et
1248 1450 1362 1526 postea

194 1566 266 1611 cum
290 1547 478 1632 Strepsiade
502 1547 702 1632 colloquitur,
727 1554 823 1613 tacet.
870 1547 1015 1613 similiter
1037 1548 1067 1613 R
1090 1549 1156 1613 534
1172 1582 1213 1605 =
1229 1550 1283 1633 90,
1309 1548 1362 1614 ubi

193 1653 316 1720 chorus.
332 1655 469 1739 primum
493 1674 565 1719 cum
581 1654 721 1743 Baccho,
747 1654 864 1720 deinde
888 1675 960 1719 cnm
984 1655 1127 1720 Xanthia
1151 1657 1361 1721 amoehaeum

193 1760 355 1827 decantat.
402 1762 500 1827 etiam
524 1764 550 1827 P
574 1761 639 1828 385
663 1761 780 1827 chorus
811 1768 843 1826 et
873 1763 1045 1846 Trygaeus
1073 1763 1254 1847 concinunt,
1280 1763 1361 1827 Mer-

192 1868 300 1934 curius
323 1875 419 1935 tacet.

299 1977 423 2060 Restat,
435 1983 470 2040 ut
480 1975 522 2041 de
534 1976 573 2042 iis
586 1976 781 2042 carminibus
794 1996 939 2060 agamus,
954 1996 1037 2058 quae
1050 1977 1118 2042 sine
1131 1977 1229 2042 choro
1242 1978 1285 2042 ab
1299 1997 1360 2042 uno

192 2088 248 2147 aut
272 2082 397 2149 duobus
421 2084 584 2149 actoribus
614 2090 793 2168 cantantur,
818 2082 985 2149 monodias
1015 2083 1088 2148 dico
1121 2089 1153 2149 et
1183 2084 1362 2150 amoebaea

191 2198 346 2256 actorum.
393 2211 453 2255 nec
476 2190 589 2255 mirum
613 2189 708 2255 huius
732 2189 818 2266 modi
845 2190 1001 2274 carmina,
1027 2191 1165 2272 quaein
1189 2191 1361 2274 tragoedia

107 2380 111 2387 Ι
190 2296 393 2381 potissimum
405 2297 524 2380 vigent,
539 2296 571 2360 in
583 2295 752 2361 comoedia
764 2296 920 2381 parodiae
932 2297 1120 2381 plerumque
1136 2297 1291 2362 inservire
1305 2297 1360 2362 im-

190 2401 301 2487 primis
318 2400 513 2487 Errripideae
530 2402 729 2488 tragoediae,
745 2410 841 2485 atque
857 2403 896 2468 iis
908 2423 1035 2487 semper
1050 2403 1130 2468 locis
1146 2403 1359 2482 intercedere,

191 2509 245 2574 ubi
269 2509 474 2575 vehementer
490 2506 670 2575 commotus
684 2509 799 2591 aliquis
815 2517 871 2574 aut
885 2518 1003 2576 sortem
1020 2531 1112 2576 suam
1135 2511 1279 2592 queritur
1304 2519 1359 2576 aut

82 2651 87 2661 ·
191 2616 314 2700 gaudet
330 2625 387 2682 aut
400 2616 477 2682 deos
489 2617 695 2702 imprecatur.
720 2624 889 2702 praeterea
901 2618 1024 2683 numeri
1037 2637 1164 2703 semper
1175 2639 1280 2702 paene
1296 2625 1359 2683 tra-

173 2723 340 2805 ,goediam
355 2722 515 2807 redolent;
530 2723 779 2805 frequentissimi
792 2730 865 2789 sunt
879 2723 1047 2808 anapaesti
1063 2730 1160 2806 atque
1177 2724 1199 2789 ii
1216 2724 1358 2806 quidem,

190 2850 324 2911 quorum
359 2829 467 2895 theses
500 2830 632 2913 longae,
666 2829 747 2895 arsis
766 2828 957 2895 ‘alterautra
991 2831 1097 2895 soluta
1130 2837 1190 2896 est.
1234 2832 1262 2894 V
1293 2833 1357 2896 317

189 2937 353 3002 Philocleo
377 2935 543 3001 iudicandi
566 2935 793 3021 cupidissimus
818 2958 838 3001 a
861 2937 925 3001 filio
943 2937 1028 3001 domi
1051 2943 1194 3003 retentus
1214 2937 1359 3018 queritur

189 3044 327 3110 numeris
357 3043 531 3109 admodum
562 3043 694 3126 tragicis
724 3043 843 3128 usus¹).
890 3043 1034 3109 similiter
1063 3045 1249 3128 anapaestis
1280 3065 1358 3110 usus

149 3133 150 3136 Ἴ
189 3150 352 3216 Philocleo
372 3151 400 3216 V
418 3151 483 3215 750
506 3172 526 3215 3
546 3150 644 3215 choro
668 3158 700 3215 et
723 3151 787 3215 filio
809 3157 984 3234 temptatus
1006 3151 1211 3232 conqueritur
1234 3151 1359 3216 maiore

189 3277 261 3322 cum
285 3257 391 3323 studio
415 3256 678 3323 consuetudinem
701 3279 793 3323 suam
816 3257 996 3342 amplexus,
1019 3258 1049 3324 N
1070 3258 1133 3322 718
1150 3257 1358 3342 Strepsiades

188 3386 208 3429 a
229 3363 395 3429 cimicibus
415 3371 552 3430 vexatus
569 3365 718 3447 querelas
739 3365 851 3447 quales
866 3363 943 3430 Eur.
960 3364 1039 3429 Hec.
1059 3364 1121 3428 162
1142 3363 1358 3447 inveniuntur,

189 3469 333 3536 effundit.
381 3470 520 3536 T1015
549 3471 766 3537 Mnesilochus
789 3471 916 3536 vinctus
947 3477 1064 3535 sortem
1095 3489 1186 3535 suam
1217 3489 1358 3552 conque-

187 3578 267 3642 ritur
282 3577 521 3643 Andromedam
537 3579 677 3662 imitans,
690 3599 750 3644 nec
762 3579 862 3643 verba
877 3578 979 3643 solum
996 3584 1027 3641 et
1042 3577 1164 3641 numeri
1182 3577 1293 3659 (iambi
1309 3598 1356 3644 so.

186 3682 294 3749 multis
315 3683 459 3751 thesibus
481 3685 679 3770 suppressis;
697 3684 857 3750 2bacchii
877 3684 961 3749 enim
982 3683 1185 3749 inveniuntur
1206 3693 1236 3750 v.
1258 3686 1356 3768 1019,

127 3847 129 3850 .
187 3791 341 3857 bacchius
377 3811 448 3856 cum
483 3791 694 3876 ithyphalhco
729 3813 760 3856 v.
798 3792 881 3856 1047
915 3816 932 3842 υ
955 3831 976 3840 -
991 3831 1014 3840 -
1029 3831 1055 3840 -
1071 3816 1088 3842 υ
1107 3833 1128 3840 -
1146 3815 1165 3843 υ
1185 3831 1211 3839 -
1226 3815 1262 3874 υ,
1278 3813 1359 3857 ana·

187 3899 285 3965 clasis
323 3899 446 3963 occurit
483 3921 513 3966 v.
555 3900 640 3964 1046
669 3941 690 3948 -
710 3924 728 3951 υ
746 3924 764 3951 υ
786 3940 819 3966 -.
862 3899 955 3963 finem
993 3899 1117 3964 faciunt
1155 3899 1357 3984 dactyloepi-

185 4006 261 4091 triti,
282 4005 315 4070 in
332 4007 447 4088 quibus
464 4007 513 4072 bis
535 4029 564 4073 v.
590 4007 675 4071 1054
690 4006 825 4071 recurrit
845 4007 1020 4071 membrum
1042 4006 1162 4071 illud-
1180 4032 1197 4058 υ
1224 4031 1241 4057 υ
1263 4047 1285 4054 -
1305 4031 1323 4058 υ
1343 4013 1355 4090 )

186 4121 219 4180 et
242 4113 339 4178 animi
363 4113 492 4178 affectio
517 4112 705 4196 tragoediae
729 4134 849 4180 morem
879 4112 1054 4198 adlectant,
1079 4113 1137 4179 sed
1161 4114 1258 4178 etiam
1281 4113 1357 4198 ipsa

290 4349 312 4415 ¹)
333 4347 367 4402 V.
387 4365 437 4418 pg.
458 4347 491 4401 31
512 4354 543 4402 et
562 4346 603 4400 49.

140 4513 298 4656 Ἀ
