2798 4980
582 280 801 344 ...40-

107 473 242 540 recurrit
265 473 346 538 haec
368 473 472 539 forma
495 472 533 538 L.
558 494 588 538 ν.
613 473 677 538 668
702 506 742 528 =
767 473 841 538 692.
867 473 908 536 de
938 473 1081 538 carmine
1114 473 1176 538 781
1203 495 1273 538 mox

107 602 214 665 agam.
262 580 359 645 etiam
382 577 541 643 invenitur

196 695 256 777 Eq.
280 716 311 761 v.
336 695 401 759 616
423 697 481 758 νῦν
505 692 553 772 ἄρ’
583 693 671 760 άξιόν
693 715 729 771 γε
752 695 850 758 πᾶσίν
874 697 960 759 ἐστιν
984 696 1170 761 ἐπολολύξαι

272 833 313 855 =
338 800 402 864 683
425 801 528 864 πάντα
551 821 599 863 τοι
622 802 787 880 πέπραγας
810 800 863 864 οἷα
885 805 942 880 χρὴ
967 803 1024 866 τὸν
1047 802 1246 881 εὐτυχοῦντα,

108 917 141 980 in
164 914 449 1000 dactylo-epitritis

196 1032 258 1098 riv.
282 1053 312 1097 ν.
336 1031 400 1095 457
426 1033 467 1094 σὺ
492 1035 527 1095 δὲ
550 1030 637 1095 τοῦθ’
661 1031 749 1114 ὁρᾷς.
789 1031 851 1108 λέγ’
876 1033 909 1110 ἐς
933 1033 1039 1098 κοινάν

275 1169 311 1196 =
339 1139 404 1203 545
428 1138 551 1217 ἀγαθὴν
575 1140 660 1216 ἥκεις
683 1139 752 1215 ἐμοὶ
777 1141 895 1217 σωτήρ.

225 1245 261 1310 Ρ.
286 1266 316 1310 v.
342 1245 405 1309 788
429 1243 566 1322 ὄρτυγας
590 1244 770 1321 οἰκογενεῖς,
794 1246 999 1324 γυλιαύχενας
1022 1247 1184 1325 ὀρχηστάς

275 1382 311 1410 =
339 1352 404 1416 810
429 1350 581 1429 Γοργόνες
604 1352 780 1430 ὀψοφάγοι,
805 1353 1040 1430 βατιδοσκόποι,
1065 1353 1204 1431 άρπυιαι.

110 1466 248 1548 denique
278 1466 311 1529 in
340 1465 430 1531 initio
461 1472 517 1530 aut
547 1465 578 1530 in
609 1465 672 1530 fine
702 1466 828 1550 periodi
857 1466 919 1532 hoc
949 1473 1084 1532 metrum
1116 1468 1278 1552 singular·

110 1573 186 1658 poni
210 1573 313 1638 solere
336 1572 657 1638 animadvertendum
681 1579 739 1639 est.

216 1680 329 1744 Altera
351 1679 495 1744 trochaei
518 1679 622 1745 forma
649 1679 820 1762 singularis
844 1681 998 1764 occurrit,
1032 1701 1115 1762 quae
1145 1682 1278 1750 alteras.

110 1786 214 1852 thesin
245 1806 461 1872 suppressam,
493 1787 628 1851 alteram
657 1786 743 1852 arsin
773 1787 910 1852 solutam
940 1786 1038 1853 habet
1064 1829 1085 1836 -
1102 1813 1121 1839 υ
1138 1813 1157 1839 υ
1175 1813 1210 1873 υ,
1240 1789 1276 1856 (1

110 1913 175 1975 qua
211 1893 276 1976 egit
311 1891 396 1956 idem
431 1893 468 1958 F.
497 1892 591 1977 Spiro
622 1893 642 1956 l.
666 1893 688 1959 l.
719 1899 817 1974 atque
851 1893 921 1979 ipse
956 1894 1138 1979 exemplum
1174 1895 1278 1964 attuli

111 2001 150 2066 Α.
164 2022 197 2066 ν.
215 1999 369 2064 aso-83
394 1998 488 2075 οὗτος
512 1999 609 2076 αὐτός
632 1999 718 2062 ἐστιν
742 1997 846 2077 οὗτος.

393 2105 486 2183 βάλλε
511 2105 604 2183 βάλλε
629 2105 722 2183 βάλλε
747 2107 840 2184 βάλλε

392 2215 464 2275 παῑε
487 2215 560 2275 παῖε
583 2213 639 2277 τὸν
663 2213 785 2291 μιαρόν.

393 2319 430 2382 οὐ
455 2322 570 2397 βαλεῖς,
595 2319 633 2382 οὐ
658 2322 774 2397 βαλεῖς;

112 2639 249 2705 recurrit
271 2641 331 2722 Eq.
356 2662 386 2707 ν.
412 2641 476 2706 618
502 2661 549 2722 sq.
575 2646 627 2725 (=
654 2640 696 2705 85
722 2645 784 2721 sq.)

394 2754 593 2834 ἐργασάμεν’,
616 2754 673 2819 εἴθ’
697 2756 841 2833 ἐπέλθοις
865 2755 988 2819 άπαντά
1012 2777 1064 2833 μοι
1088 2760 1216 2835 σαφῶς.

112 2862 149 2927 Ρ.
159 2881 189 2927 ν.
198 2862 260 2926 351
277 2859 378 2945 sqq.¹)
396 2859 461 2925 ἀλλ’
486 2861 609 2925 ἁπαλὸν
633 2860 672 2925 άν
700 2859 729 2938 μ’
752 2859 834 2938 ἴδοις
858 2862 907 2924 καὶ
935 2863 1015 2924 πολὺ
1043 2863 1201 2940 νεώτερον
1224 2862 1276 2926 ἀτ-

447 2969 621 3043 αλλαγέντα
644 2967 847 3046 πραγμάτων.

190 3075 229 3141 V.
253 3097 284 3141 ν.
308 3075 373 3139 465
398 3075 443 3151 ὡς
467 3073 569 3155 λάθρᾳ
593 3071 620 3148 γ’
644 3071 790 3151 ἐλάμβαν’
814 3072 953 3136 ὑπιοῦσά
978 3073 1055 3157 με’).

113 3191 277 3255 clausulae
315 3189 347 3253 iu
386 3188 516 3255 modum
554 3193 741 3252 tetrametro
780 3187 944 3253 trochaico
983 3188 1185 3271 subiungitur
1221 3188 1278 3255 hoc

113 3297 290 3361 membrum
313 3321 372 3347 -υ
392 3319 429 3345 νυ
474 3320 533 3346 -υ
552 3335 574 3343 -
599 3293 638 3361 V.
662 3315 692 3360 ν.
714 3295 780 3359 370
803 3292 869 3358 ἀλλ’
895 3296 991 3371 ἔπαγε
1014 3297 1071 3374 τήν
1093 3298 1278 3371 γνάθον.-

113 3388 239 3485 integer
271 3401 444 3467 trochaeus
477 3408 509 3466 et
532 3441 555 3450 -
574 3425 592 3452 υ
615 3425 650 3452 w
684 3399 766 3464 inter
794 3420 828 3465 se
860 3400 1057 3486 respondent
1089 3401 1219 3486 saepius
1250 3402 1278 3466 in

113 3508 255 3574 carmine
278 3508 306 3572 L
332 3509 405 3592 781,
429 3507 483 3570 ubi
513 3505 647 3571 recurrit
677 3505 774 3570 etiam
804 3505 907 3571 forma
937 3506 993 3571 illa
1023 3506 1167 3572 trochaei
1200 3526 1278 3589 quas

219 3709 242 3776 1)
263 3707 357 3762 Cuius
376 3706 491 3777 periodi
509 3722 536 3759 v.
557 3705 609 3758 390
628 3707 776 3775 posterior
796 3706 882 3764 (ὥστε
895 3707 982 3772 τήνδε
1001 3706 1037 3772 μὴ
1054 3705 1169 3774 λαβεῖν),
1189 3723 1216 3758 ν.
1230 3705 1278 3759 591

114 3798 196 3868 prior
215 3800 334 3851 tantum
353 3811 423 3865 pars
444 3794 538 3861 (πᾶσιν
558 3794 661 3846 δπόσοι
679 3795 811 3859 γεωργὸν
831 3794 996 3861 (γεωργικὸν
1016 3793 1112 3862 codd.)
1133 3793 1195 3859 βίον
1214 3794 1278 3860 ἐτρί-

116 3891 212 3952 βομεν)
239 3889 347 3939 exstat.
385 3886 456 3937 ante
482 3883 562 3936 huuc
594 3897 715 3937 versum
742 3886 950 3936 tetrametrum
977 3883 1110 3953 Trygaei
1136 3883 1278 3938 excidisse

113 3975 276 4030 verisimile
296 3977 349 4042 est,
369 3973 456 4026 cuius
476 3974 599 4024 exstant
618 3970 709 4024 etiam
728 3971 821 4024 verba
841 3971 913 4036 μόνη
933 3971 986 4038 γάρ
1006 3973 1078 4038 ἡμᾶς
1098 3973 1226 4038 ὠφελεῖς.

222 4063 244 4134 r)
264 4062 323 4118 Sed
350 4062 439 4117 valde
469 4066 609 4130 suspecta
638 4064 709 4114 sunt
740 4062 841 4115 verba.
873 4077 901 4113 ν.
934 4062 1083 4131 strophico
1116 4059 1200 4130 (407).
1231 4063 1278 4116 uhi

114 4153 208 4206 verba
229 4167 303 4205 sana
323 4155 394 4206 suut
414 4152 436 4219 ιβ
456 4150 558 4205 κολαζό
575 4155 580 4201 t
597 4153 695 4214 μεσθα,
715 4149 833 4215 κέντρον
853 4148 974 4202 ἐντέτατ’
993 4151 1040 4204 ὀξά
1061 4150 1136 4204 hacc
1153 4151 1278 4204 formula

113 4241 239 4295 metrica
259 4240 385 4294 efficitur
403 4269 426 4278 -
445 4256 463 4283 υ
481 4269 503 4277 -
521 4256 538 4282 υ
574 4267 600 4275 -
616 4255 634 4281 υ
652 4255 670 4281 υ
688 4267 708 4274 -
727 4254 761 4306 ν,
781 4253 873 4306 quam
899 4238 1049 4308 explicare
1072 4255 1133 4292 non
1152 4255 1278 4308 possum.

114 4331 173 4384 nisi
192 4329 367 4384 trochaeum
386 4330 417 4382 in
436 4328 590 4399 dactylum
610 4329 764 4383 terminari
784 4331 895 4381 statuo.
