2798 4980
602 69 819 138 -53..

134 271 136 275 ’
237 265 273 330 ln
294 262 477 331 universum
492 271 601 330 autem
618 263 659 330 de
676 257 900 348 Aristophanis
923 284 957 330 re
972 265 1106 331 metrica
1123 267 1293 332 dicendum

132 363 186 444 ¹ast
213 391 329 454 magna
359 369 578 456 simplicitate,
616 369 726 455 paullo
762 369 883 434 maiore
915 370 1065 437 libertate
1104 379 1233 455 poetam
1263 372 1295 435 in

138 475 358 571 posterioribus
381 477 499 543 fabulis
522 497 615 543 usum
639 496 721 541 osse.
767 482 799 540 et
823 476 883 541 hac
904 497 1030 559 quoque
1046 498 1081 541 re
1097 477 1296 542 comoediam

138 583 377 668 adithyrambo
401 584 498 668 plane
523 583 644 650 distare
667 602 856 665 cognoscas.

235 796 300 863 Sed
323 796 388 862 iam
412 817 568 863 summam
592 796 760 862 faciamus.
807 795 945 862 vidimus
973 795 1071 880 igitur
1098 795 1235 881 primum
1259 816 1299 860 ea

138 901 271 972 carmina
295 923 379 985 quae
402 902 551 967 lacunam
582 902 714 987 explent
743 908 799 967 aut
823 922 890 966 rem
921 902 1049 967 inanem
1080 901 1172 983 quasi
1202 901 1297 966 eomi-

71 1056 80 1091 r
137 1017 237 1079 tantur
260 1008 292 1073 in
314 1008 546 1094 posterioribus
569 1008 687 1074 fabulis
710 1007 815 1073 rarius
838 1007 972 1073 inveniri
999 1008 1019 1074 i.
1045 1029 1073 1074 e.
1097 1008 1201 1093 ipsum
1225 1007 1299 1071 cbo-

75 1094 81 1181 f
134 1139 200 1184 rum
222 1115 264 1181 ad
296 1135 363 1181 rem
394 1115 556 1198 agendam
587 1114 651 1180 iam
682 1135 745 1180 non
775 1116 908 1180 multum
939 1116 1056 1182 valere.
1103 1115 1198 1179 immo
1222 1135 1299 1179 vero

74 1200 79 1221 ⁴
133 1220 285 1308 impedire
308 1241 412 1307 paene
437 1220 595 1287 actionem
619 1221 747 1287 videtur
771 1223 799 1286 Τ
822 1223 895 1306 106,
919 1221 975 1286 uhi
998 1242 1070 1286 oum
1093 1220 1298 1300 Mnesilocho,

115 1333 159 1400 ,a
182 1330 256 1414 430,
281 1329 336 1394 ubi
360 1351 431 1395 cum
455 1329 585 1394 Baccho
610 1329 688 1412 agit.
735 1328 896 1394 Iulianis
921 1335 1028 1394 autem
1061 1329 1181 1414 omnia,
1196 1348 1299 1412 paene

130 1436 219 1502 chori
242 1437 387 1503 carmina
410 1456 472 1502 non
496 1437 557 1504 nisi
574 1435 782 1522 disponendis
805 1436 935 1502 fabulae
951 1435 1097 1521 partibus
1113 1435 1298 1501 inserviunt.

128 1551 241 1610 contra
265 1565 394 1610 carmen
418 1546 551 1629 sacrale,
584 1544 670 1627 quod
694 1544 737 1609 ad
761 1563 827 1608 rem
852 1543 1013 1627 agendam
1044 1542 1122 1628 nihil
1151 1536 1299 1627 pertinet,

125 1651 234 1733 magis
257 1651 426 1734 magisque
449 1653 549 1737 pollet
573 1653 615 1736 (T
639 1653 704 1716 312
735 1651 800 1715 352
824 1652 889 1715 949
915 1651 1000 1714 1136
1029 1650 1059 1714 R
1088 1649 1121 1714 in
1151 1648 1299 1734 paredo).

123 1757 228 1824 etiam
251 1758 539 1844 parachoregema,
565 1758 651 1841 quod
674 1759 703 1823 V
727 1760 792 1823 299
822 1756 958 1843 primum
989 1765 1021 1822 et
1052 1764 1146 1822 caute
1177 1755 1301 1821 adhibi-

120 1869 195 1928 tum
213 1871 272 1949 est,
296 1864 328 1929 in
349 1864 580 1949 posterioribus
604 1865 723 1930 fabulis
740 1864 871 1949 saepius
894 1863 1053 1928 invenitur
1070 1865 1113 1949 (11Ι
1129 1865 1212 1929 1241
1230 1882 1300 1945 sqq.

116 1967 218 2035 chori
242 1970 575 2037 Lacedaemoniorum
599 1977 631 2035 et
661 1969 914 2052 Atheniensium,
939 1971 967 2034 Τ
995 1973 1055 2035 101
1086 1991 1156 2052 sqq.
1187 1969 1302 2034 chorus

112 2072 319 2162 Agathonis,
344 2078 556 2159 11209111.
587 2078 730 2161 Ranae);
761 2076 905 2141 confiteri
936 2075 1173 2158 quodammodo
1202 2084 1300 2162 poeta

112 2179 262 2248 chorum
285 2182 351 2249 suis
375 2182 516 2249 consiliis
540 2204 602 2247 non
626 2182 690 2248 iam
714 2183 859 2248 sufficere
883 2182 1020 2250 videtur.

237 2288 363 2354 Deinde
393 2290 572 2355 amoebaea
603 2289 834 2374 posterioribus
867 2288 899 2352 in
927 2289 1045 2356 fabulis
1079 2289 1181 2355 rarius
1213 2289 1299 2354 inve-

108 2392 268 2462 niuntur.
308 2403 340 2461 11
364 2395 445 2462 haec
469 2395 557 2460 chori
582 2396 742 2478 quaedam
766 2394 941 2461 deminutio
966 2402 1024 2480 est,
1049 2395 1126 2478 quia
1142 2415 1179 2460 eo
1195 2395 1300 2477 magis

109 2513 140 2559 a
168 2521 207 2566 re
231 2491 362 2584 agenda
386 2499 589 2566 abalienatur
613 2509 710 2583 atque
740 2500 797 2585 ita,
829 2507 864 2565 ut
893 2522 1026 2586 prorsus
1056 2500 1193 2583 denique
1225 2521 1299 2566 eva-

90 2614 251 2673 ·nescat.
298 2613 412 2672 contra
444 2606 595 2672 monodia
625 2607 728 2690 magis
758 2606 927 2691 magisque
956 2609 1066 2692 pollet.
1113 2607 1300 2692 saepissime

108 2704 290 2779 invenitur
320 2712 352 2776 in
383 2714 410 2777 T
441 2713 471 2778 R
502 2713 569 2798 (ubi
599 2713 780 2799 Aeschylus
811 2720 843 2778 et
873 2714 1046 2799 Euripides
1075 2713 1218 2778 carmina
1242 2734 1301 2779 sua
1394 2802 1396 2806 Α

108 2811 267 2886 invicem
289 2819 533 2904 perstringunt).
579 2840 639 2884 nec
662 2819 873 2885 omittendum
897 2827 946 2886 est
978 2820 1010 2885 in
1033 2821 1071 2905 E,
1102 2821 1301 2906 paenultima

108 2921 252 3011 fabula,
276 2926 559 3011 paraclausithyra
582 2926 638 2992 illa
653 2926 761 3012 posita
780 2947 852 2992 esse
871 2933 903 2992 et
919 2948 1071 3011 magnum
1087 2948 1146 3012 per
1161 2922 1315 3012 spatium

108 3032 272 3098 extendi.

238 3138 395 3203 Carminis
419 3139 451 3204 ἐξ
475 3138 596 3216 ὁμοίων
619 3136 731 3220 forma,
757 3157 839 3219 quae
869 3138 998 3223 proprie
1029 3146 1077 3203 111
1108 3138 1301 3204 carminibus

110 3245 320 3328 sacralibus,
344 3244 383 3310 iis
406 3244 617 3329 potissimum,
642 3264 726 3326 quae
749 3244 870 3309 Bacchi
894 3237 1102 3310 inhonorem
1126 3245 1198 3310 cani
1222 3246 1301 3310 sole-

109 3346 209 3416 bant
234 3351 286 3435 (cl'.
311 3352 340 3415 R
363 3350 546 3435 parodum),
571 3357 603 3415 et
626 3351 657 3414 in
681 3350 875 3416 carminibus
899 3351 1109 3435 popularibus
1132 3352 1300 3436 reperitur,

115 3457 354 3539 antiquissima
385 3464 450 3542 est3
482 3464 580 3539 atque
609 3457 641 3520 in
672 3457 804 3539 antiqua
828 3477 900 3522 eam
931 3457 1098 3522 comoedia
1128 3458 1301 3522 admodum

117 3564 329 3645 frequentem
353 3563 456 3629 tuisse
485 3562 694 3653 iudicandum
725 3571 783 3630 est.
831 3563 969 3629 occurrit
993 3564 1075 3628 enim
1107 3564 1193 3629 etin
1217 3567 1245 3629 Α
1270 3572 1302 3630 11

122 3669 163 3734 in
186 3670 236 3752 Eq
260 3669 310 3735 bis
335 3671 376 3754 (Α
400 3671 465 3734 836
489 3671 553 3735 939
577 3671 627 3752 Eq
652 3671 717 3735 913
743 3673 858 3755 1111);
883 3670 915 3734 in
938 3671 968 3738 N
992 3671 1021 3734 V
1044 3671 1071 3736 L
1095 3693 1158 3735 non
1183 3679 1301 3755 exstat,

130 3777 230 3841 semol
253 3775 286 3840 in
301 3777 327 3840 P
345 3777 458 3861 (1329)
474 3784 506 3842 11
522 3777 554 3840 in
570 3779 621 3841 Av
639 3778 762 3862 (1731),
787 3777 845 3842 sed
861 3778 942 3842 haec
964 3777 1109 3842 carmina
1120 3779 1302 3863 popularia

132 3889 214 3948 sunt.
262 3882 293 3946 in
327 3882 521 3949 carminibus
557 3883 735 3949 sacralibus
769 3883 914 3949 adhibita
953 3890 1002 3949 est
1040 3884 1070 3948 R
1101 3885 1133 3948 in
1165 3885 1300 3968 parodo,

132 3989 159 4052 T
184 3989 259 4054 959.
306 3995 477 4073 praeterea
500 3988 550 4055 bis
574 3988 605 4053 in
630 3989 659 4053 R
683 3989 826 4074 recurrit,
852 3989 909 4055 sed
934 3989 1083 4071 quoniam
1106 3989 1221 4055 iambis
1245 3997 1302 4055 aut

129 4092 297 4178 glyconeis
320 4094 399 4159 locis
422 4093 484 4159 illis
508 4095 762 4161 Acharnensium
785 4101 817 4160 et
844 4095 995 4178 Equitum
1019 4116 1095 4161 usus
1119 4102 1168 4161 est
1192 4103 1301 4180 poeta,
