2798 4980
588 292 805 355 -ῃ-

106 496 155 542 res
178 495 267 558 quae
292 483 400 564 agitur
424 484 561 570 parodia
584 492 641 550 est.
689 485 792 551 simile
816 491 864 550 est
887 506 1016 550 carmen
1045 486 1073 549 Τ
1100 485 1194 567 1065,
1226 482 1281 549 ubi

108 583 286 668 Euripides
319 589 403 670 Ἠχὼ
434 591 565 656 imitans
594 591 793 657 Mnesilocho
824 590 970 674 querenti
1000 591 1174 676 respondet
1205 612 1282 656 ana-

110 691 234 779 paestis
258 716 348 782 usus,
373 706 406 764 et
429 719 559 764 carmen
584 701 658 782 776,
683 700 738 764 ubi
756 698 972 765 Mnesilochus
1002 698 1166 783 Euripidis
1189 700 1283 764 Pala·

111 800 238 868 medem
269 805 422 872 imitatur.
469 808 620 888 querelae
650 805 942 892 paratragoedicae
976 807 1072 871 etiam
1107 807 1283 872 amoebaeo
1319 815 1320 818 ’

112 908 254 975 carmine
295 912 498 978 continentur
533 914 563 977 Α
600 915 699 997 1190,
736 933 819 996 quae
860 933 932 978 cum
971 912 1179 998 Dicaeopolis
1212 912 1283 997 ipse

112 1036 223 1083 rursus
247 1019 392 1104 irrideat,
417 1019 539 1105 duplex
563 1021 656 1102 quasi
672 1020 809 1104 parodia
824 1020 883 1095 fit„
898 1019 1103 1084 severitatem
1120 1019 1282 1102 quandam

113 1123 238 1210 dactyli
254 1135 287 1192 et
302 1126 459 1211 perediae
476 1127 618 1211 speeiem
634 1147 712 1211 prae
728 1147 763 1192 se
779 1127 886 1191 terunt
901 1127 927 1190 P
946 1126 1020 1206 114,
1041 1126 1095 1191 ubi
1112 1127 1283 1210 Trygaeus

112 1232 238 1297 coelum
262 1252 455 1299 ascensurus
479 1233 561 1300 filias
577 1233 691 1299 flentes
707 1234 905 1318 consolatur;
924 1233 1101 1301 scholiasta
1117 1232 1283 1318 Euripidis

111 1338 249 1403 Aeolum
273 1339 449 1424 perstringi
472 1339 618 1407 adnotat.
654 1340 825 1406 monodiae
840 1341 981 1426 speciem
1005 1342 1129 1405 initium
1152 1339 1284 1422 quidem

113 1446 264 1512 carminis
294 1446 321 1510 L
346 1447 411 1512 954
438 1447 584 1531 praebet,
616 1447 670 1512 ubi
701 1446 846 1514 Oinesias
875 1449 1038 1533 repulsam
1069 1466 1206 1530 querens
1237 1445 1284 1511 sic

112 1553 226 1638 incipit
249 1553 333 1631 οἴμοι
356 1556 385 1618 ’τί
407 1555 515 1629 πάθω;
1272 1631 1277 1641 ¹

220 1661 353 1728 Numeri
384 1667 416 1726 ct
439 1662 541 1726 verba
568 1662 671 1727 solum
694 1703 737 1711 —
768 1663 844 1745 quia
874 1662 936 1728 hoc
966 1663 998 1727 in
1029 1660 1186 1726 monodiis
1215 1659 1284 1725 lieri

113 1768 197 1832 solet
219 1808 263 1816 -—
279 1767 449 1852 parodiam
472 1767 618 1833 indicant
639 1770 690 1833 Av
706 1770 782 1853 2⁴27,
799 1769 854 1834 ubi
877 1770 995 1862 Epops
1014 1789 1091 1834 aves
1108 1775 1283 1850 convocat,

114 1874 201 1956 quod
225 1874 344 1960 optime
368 1875 411 1939 ad
435 1882 582 1940 naturam
608 1875 700 1943 huius
723 1877 854 1942 fabulae
878 1883 976 1958 atque
992 1875 1082 1941 chori
1105 1895 1285 1940 accommo-
1356 1899 1359 1903 ’

113 1980 227 2045 datum
258 1989 321 2065 est;
352 2001 457 2064 neque
489 1983 573 2047 enirn
603 2003 681 2049 aves
714 1983 834 2065 ubique
864 1983 1031 2068 dispersae
1062 2002 1125 2047 uno
1155 1980 1284 2064 agmine

113 2094 213 2170 atque
237 2088 349 2153 ordine
377 2088 410 2152 in
440 2109 570 2154 scenam
600 2089 730 2174 prodire
760 2097 905 2174 possunt,
937 2090 995 2156 sed
1026 2086 1197 2154 convocari
1228 2107 1284 2152 eas

113 2202 256 2279 oportet;
280 2195 479 2280 lepidissime
502 2215 579 2260 vero
607 2196 640 2260 in
663 2195 724 2261 hac
755 2216 789 2260 re
820 2195 976 2278 singulari
1006 2201 1103 2280 poeta
1134 2192 1285 2259 monodia

111 2301 228 2387 utitur;
264 2322 413 2368 numeros
448 2301 627 2388 descriptos
662 2303 805 2368 invenies
835 2324 890 2387 pg.
919 2305 972 2369 52.
1019 2304 1049 2370 N
1079 2301 1165 2367 1154
1199 2301 1285 2366 Stre-

110 2408 245 2493 psiades
268 2429 391 2474 summo
415 2407 536 2492 gaudio
560 2409 693 2493 exultat,
718 2409 805 2491 quod
829 2409 912 2474 filius
935 2408 1118 2493 perdidicit,
1143 2415 1175 2472 et
1190 2406 1284 2488 quasi

110 2516 184 2600 ipse
219 2536 264 2589 se,
289 2516 458 2601 praedicat
491 2557 536 2564 —
571 2517 711 2601 dactylis
746 2515 930 2582 solemniter
963 2514 1151 2581 sonantibus
1189 2534 1282 2598 usus;

111 2623 266 2689 Socrates
289 2623 430 2688 carmine
454 2624 663 2709 anapaestico
685 2623 785 2688 filium
809 2622 904 2688 domo
928 2629 1053 2689 evocat.

221 2731 291 2797 Nec
314 2751 391 2795 vero
415 2751 525 2796 omnes
548 2731 718 2797 monodiac
741 2729 910 2815 parodiam
941 2729 1106 2812 exhibent,
1135 2748 1194 2793 nec
1218 2734 1282 2791 tra-

111 2835 253 2920 goediae
277 2842 401 2901 tantum
424 2837 573 2922 proprias
597 2859 653 2904 cas
677 2858 748 2904 esse
772 2837 874 2920 dicas,
899 2835 956 2902 sed
977 2842 1107 2902 exstant
1130 2834 1227 2899 etiarn
1250 2833 1284 2898 in

112 2942 283 3010 comoedia
313 2964 397 3026 quae
434 2965 475 3009 ex
505 2944 599 3010 huius
637 2951 754 3009 natura
784 2943 999 3028 explicandae
1029 2950 1112 3009 sunt.
1158 2943 1188 3006 Α
1218 2942 1284 3006 263

112 3051 325 3136 Dicaeopolis
354 3050 477 3116 Bacchi
506 3051 539 3114 in
569 3050 723 3116 honorem
750 3072 902 3135 pompam
934 3050 1016 3134 agit,
1048 3069 1111 3131 quo
1142 3048 1284 3114 carmine

112 3158 157 3223 ad
181 3159 317 3223 alterum
337 3157 523 3223 comoediae
546 3158 667 3222 fontem
688 3178 886 3241 revocamur,
904 3177 1033 3222 carmen
1053 3156 1179 3222 sacrale
1195 3155 1282 3238 dico;

113 3264 158 3330 ad
182 3266 318 3330 alterum
341 3265 472 3349 fontem,
497 3285 627 3330 carmen
650 3265 817 3349 populare,
847 3263 1017 3329 referenda
1043 3269 1117 3328 sunt
1141 3262 1285 3327 carmina

112 3373 141 3438 E
167 3373 242 3454 893,
267 3391 350 3453 quae
374 3377 448 3437 sunt
471 3371 753 3456 paraclausithyra
769 3391 853 3453 quae
869 3378 1035 3440 vocantur.
1074 3390 1134 3435 neo
1151 3369 1284 3434 carmini

112 3482 143 3546 V
170 3482 255 3546 1326
279 3480 455 3563 quidquam
487 3500 559 3546 cum
588 3480 760 3563 tragoedia
789 3488 847 3564 est,
879 3479 964 3563 quod
995 3479 1158 3544 Philoclco
1188 3485 1295 3563 potus.

113 3588 282 3673 decantat;
307 3609 382 3653 nam
406 3608 446 3652 ex
477 3587 549 3672 ipsa
567 3607 614 3653 re
643 3607 726 3670 quac
754 3587 861 3670 agitur
889 3586 1051 3653 effluxisse
1070 3593 1111 3654 ,et
1140 3585 1183 3661 ad
1212 3605 1284 3650 eam

114 3695 220 3762 solum
243 3693 349 3760 redire
371 3693 405 3759 id
429 3700 575 3780 apparet.
837 3686 840 3691 ’

128 3866 266 3977 'Quibus
290 3891 456 3958 rationibus
481 3893 508 3956 iu
533 3892 748 3974 conponendis
772 3891 956 3957 carminibus
980 3891 1081 3975 lyricis
1107 3909 1181 3958 usus
1204 3893 1245 3958 sii

586 3999 810 4080 Aristophanes.

221 4121 363 4186 Primum
396 4120 437 4186 dc
469 4120 677 4206 responsione
711 4117 874 4202 agendum
907 4137 978 4184 esse
1010 4118 1148 4186 videtur.
1201 4139 1286 4201 quae

114 4235 172 4293 aut
195 4248 253 4312 per
277 4228 442 4312 stropham
474 4235 506 4292 et
529 4225 763 4312 antistrophum
794 4271 834 4279 -
865 4209 1151 4310 incompositione
1181 4225 1286 4311 episo-

115 4335 191 4400 dica
207 4373 250 4383 -
267 4342 323 4399 aut
346 4354 404 4419 per
428 4333 524 4400 odam
548 4341 581 4400 et
601 4332 755 4399 antodam
770 4372 814 4381 —
836 4332 869 4396 in
892 4332 1122 4417 compositione
1136 4332 1287 4417 ,epirrhe-
