2798 4980
691 318 754 368 -”
779 319 822 383 22
868 358 911 368 ..

213 519 295 596 ἴσως
307 523 390 581 τοῖσι
408 522 480 594 σοῖς
494 522 500 579 Ι
516 517 623 592 λόγοις
638 516 787 579 πείθεται.
812 516 835 580 4
850 514 990 579 dochmii
1007 534 1110 596 aeque
1124 514 1253 579 formati
1272 513 1392 596 (altera

214 632 246 689 et
269 623 382 689 ultima
405 623 522 706 soluta)
552 621 634 686 inter
657 621 784 687 iambos
807 621 900 686 iuxta
923 621 1019 707 positi
1042 625 1116 687 sunt
1139 621 1199 687 Αν.
1223 643 1254 686 v.
1278 620 1390 684 427-

213 733 272 797 30:
295 732 415 810 πότερα
439 731 642 807 μαινόμενος;
666 769 710 778 -
735 729 862 808 ἄφατον
886 731 932 807 ὡς
956 729 1124 808 φρόνιμος.
1144 768 1187 777 -
1207 730 1252 792 ἔνι
1278 727 1391 806 σοφόν

212 860 240 902 τι
272 838 380 928 φρενί;
414 877 457 885 -
489 837 687 900 πυκνότατον
722 837 850 913 κίναδος
886 841 948 900 κτλ.
995 836 1174 920 glyconeus
1209 833 1391 919 acephalus

213 943 423 1009 catalecticus
444 944 613 1008 clausulae
636 944 667 1007 in
689 942 819 1008 modum
841 943 957 1008 iambis
973 935 1177 1026 subiungitur
1200 943 1241 1009 N.
1255 964 1287 1008 ν.
1305 941 1391 1005 1304

212 1052 282 1117 οἷον
305 1053 341 1116 τὸ
365 1050 562 1131 πραγμάτων
586 1051 662 1130 ἐροῖν
686 1051 848 1129 φλαύρων·
873 1050 989 1128 όγόιρῖ
1011 1052 1115 1129 γέρων
1131 1048 1179 1112 δ’δ’
1196 1046 1389 1129 ἐρασθείςή,

212 1158 244 1222 in
267 1157 330 1222 fine
354 1156 555 1241 singularum
578 1156 781 1240 stropharum
806 1155 956 1221 carminis
987 1158 1019 1221 ἐξ
1051 1156 1172 1234 ὁμοίων
1202 1157 1241 1221 Α.
1265 1176 1298 1219 ν.
1323 1155 1385 1220 841

214 1296 251 1324 =
283 1266 324 1329 47
347 1295 384 1330 =
408 1265 451 1329 53
482 1294 519 1321 =
544 1264 597 1329 59.
644 1285 675 1329 v.
708 1263 768 1328 841
808 1265 826 1341 ἢ
861 1263 1067 1342 συκοφάντης
1100 1262 1197 1339 ἄλλος
1228 1263 1386 1340 οἰΙμώζων

211 1375 387 1435 καθεδεῖται
413 1369 589 1455 acephalus
613 1368 757 1435 eiusdem
781 1369 928 1434 vocabuli
953 1368 1192 1434 continuatione
1209 1389 1283 1433 cum
1307 1369 1382 1433 iam-

210 1476 267 1543 bis
285 1476 500 1561 coniungitur,
532 1482 629 1558 atque
661 1476 788 1541 affinem
817 1496 889 1541 eum
920 1475 1035 1541 iambis
1065 1496 1136 1542 esse
1159 1483 1297 1559 constat,
1326 1475 1382 1540 etsi

211 1583 396 1670 explicandi
429 1583 511 1649 ratio
546 1582 686 1648 nondum
719 1590 892 1669 perspecta
925 1589 983 1649 est.
1023 1583 1133 1665 itaque
1170 1582 1268 1646 etiam
1292 1582 1328 1645 P.
1354 1604 1380 1648 v.

210 1692 278 1757 950
301 1711 371 1773 sqq.
397 1723 438 1747 =
466 1691 551 1756 1033
575 1710 657 1774 sqq„
682 1689 737 1755 ubi
760 1689 955 1775 respondent

256 1816 372 1881 οὔκουν
397 1815 649 1893 ἁμιλλήσεσθον;
674 1817 722 1893 ὡς
837 1817 884 1892 τίς
908 1815 966 1879 οὖν
990 1816 1029 1879 ἂν
1052 1815 1111 1879 οὐκ
1133 1814 1305 1878 ἐπαινέσει-

256 1924 296 2002 ἣν
319 1921 427 2002 Χαῖρις
450 1924 532 2000 ὑμᾶς
555 1922 617 2002 ἴδῃ,
838 1943 873 1987 εν
897 1922 999 2002 ἄνδρα
1022 1926 1178 1996 τοιοῦτον,
1202 1919 1258 1984 δσ-

254 2030 424 2109 πρόσεισιν
447 2032 600 2108 αὐλήσων
625 2030 717 2108 ἄκλη-
837 2051 884 2107 τις
907 2028 996 2094 πόλλ’
1020 2029 1158 2106 ἀνατλὰς
1182 2029 1262 2092 ἔσω-

239 2157 310 2214 ¹rog
334 2137 421 2219 κᾷτα,
445 2136 528 2201 τοῦτ’
553 2137 590 2200 εὖ
613 2132 673 2200 οἷδ’
698 2136 745 2200 ὅτι
836 2153 894 2200 σεν
917 2139 975 2215 τήν
1000 2135 1087 2214 ἱερὰν
1110 2134 1215 2209 πόλιν;

255 2248 402 2323 φυσῶντι
427 2245 477 2307 καὶ
500 2245 689 2328 πονουμένῳ
836 2242 913 2306 ὥστ’
933 2243 1001 2322 οὐχὶ
1021 2246 1061 2322 μή
1082 2243 1197 2306 παύσει
1217 2241 1286 2306 ποτ’
1306 2243 1349 2306 ὢν

254 2353 466 2429 προσδώσετε
491 2353 594 2430 δήπου
838 2353 977 2429 ζηλωτὸς
1002 2351 1130 2426 ἅπασιν,

208 2495 286 2541 num
310 2474 375 2540 duo
399 2474 444 2539 illi
469 2474 617 2560 acephali
642 2497 673 2541 v.
693 2476 777 2540 1035
796 2495 855 2560 sq„
876 2473 993 2557 quibus
1017 2474 1213 2559 respondent
1233 2480 1389 2555 quattuor

209 2581 309 2647 iambi
333 2605 362 2648 ν.
388 2583 453 2647 952
477 2602 536 2666 sq.²
561 2581 635 2647 falsi
659 2581 722 2648 sint
746 2582 898 2648 dubitem.
939 2582 1074 2646 recurrit
1097 2581 1275 2666 acephalus
1298 2588 1370 2646 cata

208 2689 346 2756 lecticus
370 2689 403 2753 in
426 2689 489 2754 fine
513 2689 679 2755 clausulae
702 2687 734 2752 in
758 2687 888 2754 modum
912 2686 1086 2755 adhibitus.

704 2924 747 2988 lle
773 2923 888 2988 ionicis.

316 3043 418 3108 Ionici
457 3042 560 3128 primo
600 3042 728 3125 quidem
768 3043 880 3108 obtutu
919 3065 940 3108 a
976 3043 1145 3109 comoedia
1179 3045 1276 3110 alieni
1312 3066 1380 3111 esse

209 3148 369 3234 videntur,
393 3156 491 3232 atque
515 3149 671 3234 parodiae
694 3150 872 3217 inserviunt
887 3151 916 3216 V
932 3152 1008 3233 291,
1025 3171 1122 3234 quam
1145 3151 1268 3216 indicat
1292 3153 1381 3218 scho-

208 3256 306 3322 liasta
322 3279 352 3322 v.
370 3257 435 3321 300
452 3255 615 3340 Pindari¹)
632 3279 663 3322 v.
678 3259 743 3322 313
761 3277 808 3339 sq.
831 3257 960 3340 ¹Thesei
974 3257 1152 3343 Euripidei.
1184 3258 1242 3323 sed
1260 3266 1362 3325 ceterc

210 3364 300 3429 locos
325 3363 554 3429 examinamur.

322 3508 344 3577 1)
365 3507 414 3564 Sic
433 3509 511 3562 enim
538 3508 682 3562 traditum
707 3513 760 3562 est.
797 3525 825 3563 ν.
852 3510 1067 3579 antistrophico
1094 3509 1186 3578 (1312)
1212 3511 1298 3565 πόλοι
1322 3529 1334 3564 τ

213 3598 346 3662 ἐπεζήτει,
361 3596 522 3666 quodcum
536 3597 669 3650 numeris
689 3601 848 3666 repugnet,
866 3597 1040 3650 Dindorfius
1059 3599 1088 3650 in
1111 3597 1196 3650 πόλοι
1213 3596 1277 3651 ποτ’
1294 3599 1335 3654 ἐζῖ

210 3691 240 3740 et
259 3703 286 3739 v.
305 3686 456 3756 strophico
483 3683 552 3738 1304
577 3701 644 3739 cum
672 3685 806 3756 Reisigio
830 3684 959 3751 ἐρασθεὶς
984 3687 1114 3739 mutavit
1136 3688 1166 3740 in
1194 3686 1326 3753 ἐξαρθεῐς,

209 3775 335 3828 dimeter
358 3775 505 3828 iambicus
525 3775 721 3829 catalecticus
747 3775 899 3842 evaderet,
923 3775 1010 3828 cuius
1033 3775 1159 3829 alterius
1182 3777 1269 3830 metri
1289 3777 1332 3846 pri

209 3879 371 3934 suppressa
391 3868 480 3932 esset,
499 3864 579 3932 quod
607 3863 688 3934 apud
713 3862 948 3933 Aristophanem
967 3864 1088 3933 quidem
1117 3864 1181 3919 fieri
1208 3880 1269 3918 non
1295 3882 1311 3934 Γ

209 3969 301 4024 supra
327 3953 607 4006 demonstravimus.
646 3953 699 4007 sed
726 3951 855 4018 ἐρασθεὶς
880 3969 908 4004 ν.
935 3952 1005 4007 1304
1034 3954 1146 4024 optime
1172 3968 1204 4007 se
1232 3953 1291 4006 hab

209 4043 432 4120 desideraretur
458 4057 568 4113 paene,
591 4044 649 4097 nisi
677 4043 822 4096 traditum
851 4047 939 4097 esset.
976 4059 1033 4097 nec
1061 4060 1133 4098 voro
1162 4061 1190 4096 v.
1216 4043 1287 4096 1312

208 4132 382 4187 Hermanno
416 4133 607 4187 scribendum
645 4137 692 4187 est
728 4133 837 4201 ἐπήτει;
874 4147 944 4185 narn
984 4132 1107 4186 ἐπαιτεῖν
1138 4133 1290 4203 significat

208 4220 339 4290 betteln'‚
366 4222 448 4291 quod
466 4223 593 4276 verbum
613 4223 683 4276 huic
703 4222 824 4290 quidem
844 4222 909 4276 loco
930 4226 1034 4292 aptum
1054 4238 1115 4275 non
1136 4227 1190 4276 est.

320 4309 343 4371 ’l
371 4310 405 4365 V.
425 4310 477 4365 308
504 4312 535 4364 in
563 4311 623 4365 fine
652 4311 823 4365 addendum
851 4314 898 4364 est
917 4311 1021 4376 ἐὑρεῖν
1050 4326 1117 4364 cum
1146 4310 1296 4380 alaydem

210 4399 299 4454 εἰπεῖν
318 4397 386 4455 curn
405 4399 588 4455 Hermanno.
626 4400 735 4454 deindo
760 4399 950 4454 scribendum
974 4415 1040 4454 esse
1064 4399 1126 4468 ἱρόν
1145 4416 1198 4471 pro
1218 4399 1282 4466 {epo
