2798 4980
595 331 725 396 --27
774 370 812 380 -

227 521 304 588 Cum
335 524 524 608 anapaestis
557 525 653 590 ionici
684 513 920 610 coniunguntur
952 525 984 591 in
1015 526 1156 592 carmine
1179 529 1206 592 P
1226 529 1292 594 939

111 657 152 684 =
177 630 283 713 10233
307 648 381 692 nam
405 652 435 696 v.
460 632 526 696 940
549 651 596 713 sq.
622 638 674 716 (=
696 634 782 698 1024
804 638 866 716 sq.)

384 767 480 843 χωρεῖ
504 765 582 828 κατὰ
605 767 692 840 νοῡν,
717 766 825 843 ἕτερον
849 764 876 830 δ’
901 767 998 850 ἑτέρῳ

316 867 319 874 ’
385 869 610 936 τούτων’κατὰ
634 874 744 950 καιρὸν
767 873 891 956 ἀπαντᾷ

108 1021 180 1066 non
210 1024 342 1088 possum
372 1006 448 1087 quin
479 1005 665 1090 anapaestis
696 1005 858 1072 addicam.
904 1014 1080 1090 sequuntur
1104 1014 1292 1074 tetrametro

107 1108 258 1177 iambico
282 1112 400 1179 actoris
424 1111 603 1179 intermisso
627 1113 738 1180 ionici:

158 1256 192 1302 v.
219 1238 285 1303 943
310 1239 447 1313 ἐπείγετε
470 1242 527 1302 νῦν
551 1240 585 1302 έν
609 1239 684 1323 ὅσῳ·
704 1241 831 1318 σοβαρὰ
859 1240 971 1305 θεόθεν
995 1244 1115 1322 κατέχει

377 1347 517 1424 πολέμου
542 1346 738 1425 μετάτροπος
762 1347 853 1426 αὔρα.

312 1456 369 1516 νῦν
392 1454 453 1531 γὰρ
478 1454 600 1530 δαίμων
624 1458 775 1532 φανερῶς
798 1454 844 1531 εἰς
868 1455 973 1549 ἀγαθὰ
996 1456 1200 1534 μεταβιβάζει.

111 1791 257 1876 primam
281 1792 379 1876 igitur
402 1792 498 1857 ionici
522 1793 682 1877 syllabam
706 1794 836 1877 longam
860 1793 893 1857 in
916 1793 1005 1858 initio
1029 1794 1153 1878 periodi
1178 1795 1292 1859 decur-

112 1899 181 1964 tari
199 1920 295 1985 posse
315 1922 345 1964 v.
363 1900 427 1964 943
445 1905 499 1982 (=
518 1902 616 1983 1027)
634 1899 738 1983 docet,
761 1900 857 1965 etiam
876 1923 906 1966 v.
926 1903 1012 1966 1030
1029 1902 1096 1984 (qui
1116 1900 1292 1986 respondet

112 2030 146 2074 v.
173 2008 265 2092 946),
296 2007 323 2072 si
347 2016 437 2091 σοφῇ
471 2009 503 2072 in
535 2008 624 2073 initio
655 2008 794 2093 positum
827 2015 914 2074 recte
946 2029 981 2074 se
1013 2007 1112 2074 habet
1143 2019 1176 2074 et
1208 2008 1291 2074 duas

111 2115 236 2199 longas
254 2115 399 2200 syllabas
415 2114 498 2179 inter
515 2123 604 2198 σοφῇ
622 2124 654 2181 et
673 2116 804 2194 δόκιμον
828 2115 988 2181 excidisse
1012 2121 1099 2180 recte
1123 2115 1289 2181 conicitur.

112 2263 161 2272 -
177 2222 274 2288 finem
289 2221 438 2287 carminis
454 2221 643 2288 intermissis
659 2221 784 2288 duobus
800 2223 994 2289 tetrametris
1010 2221 1155 2287 iambicis
1173 2222 1291 2287 actoris

115 2331 161 2394 10
185 2329 286 2394 iambi
308 2329 430 2394 faciunt
453 2327 622 2394 subiuncto
646 2329 804 2414 glyconeo
828 2329 986 2414 acephalo
1011 2330 1212 2413 catalectic0,
1235 2329 1291 2411 qui

112 2437 285 2502 clausulae
308 2435 378 2501 vice
401 2436 560 2520 fungitur:

160 2593 194 2638 v.
218 2571 285 2637 950
308 2571 425 2635 οὔκουν
449 2569 700 2648 ἁμιλλήσεσθον;
725 2570 770 2646 ὡς
793 2571 832 2647 ἢν
856 2568 964 2647 Χαῖρις
987 2570 1069 2648 ὑμᾶς
1091 2569 1153 2654 ἰ’δῃ,

375 2676 545 2755 πρόσεισιν
561 2675 712 2753 αὐλήσων
729 2674 873 2754 ἄκλητος,
890 2678 968 2759 κᾷτα
983 2676 1067 2741 τοῦτ’
1083 2678 1118 2741 εὖ
1134 2672 1193 2742 οἷδ’
1210 2675 1289 2760 ὄπ’)

310 2789 456 2866 φυσῶντι
481 2783 531 2847 καὶ
554 2782 742 2865 πονουμένῳ
822 2784 825 2789 ’

377 2892 587 2971 προσδώσετε
611 2892 722 2968 δήπου.

112 3025 296 3110 acephalus
319 3046 395 3090 vero
419 3025 472 3090 ille
495 3044 610 3090 vereor
633 3044 673 3089 ne
697 3023 761 3088 duo
785 3023 881 3088 ionici
905 3023 977 3108 sint,
1002 3043 1136 3106 quorum
1160 3025 1247 3109 prior
1271 3045 1289 3090 ο

112 3132 246 3199 duabus
269 3131 374 3216 longis
397 3130 532 3216 syllabis
557 3135 684 3196 constat
708 3170 731 3180 -
745 3171 770 3178 -
807 3155 825 3182 υ
843 3155 860 3182 υ
876 3141 950 3215 -Ξ,
974 3131 1025 3195 vel
1050 3150 1184 3213 quorum
1207 3132 1289 3196 alter

111 3239 255 3305 duarum
279 3240 447 3322 longarum
471 3244 520 3303 est
545 3280 567 3286 —
583 3279 607 3286 -
625 3263 643 3290 υ
661 3262 679 3289 υ
719 3278 741 3285 -
755 3247 790 3304 Ξ.
837 3236 880 3302 ad
904 3237 987 3303 hanc
1010 3236 1166 3303 rationem
1191 3238 1289 3304 etiam

110 3368 145 3415 v.
174 3348 260 3413 1035
284 3366 331 3429 sq.

280 3492 340 3550 -τις
362 3470 451 3534 πόλλ’
475 3469 614 3548 ἀνατλὰς
638 3470 765 3535 ἔσωσεν
787 3473 845 3549 τήν
868 3469 956 3550 ἱερὰν
979 3472 1079 3547 πόλιν,

110 3595 173 3680 qui
197 3595 338 3681 speciem
355 3594 488 3659 duorum
505 3595 736 3679 glyconcorum
757 3594 985 3679 acephalorum
1007 3596 1288 3662 acatalecticorum

110 3703 275 3791 praebent
299 3709 331 3768 et
355 3701 471 3784 quibus
495 3701 527 3765 in
551 3700 722 3786 stropha4
742 3702 840 3767 iambi
860 3701 1056 3787 respondent
1073 3709 1116 3788 (v.
1133 3705 1198 3768 952
1214 3713 1288 3788 sq.),

110 3808 412 3877 accommodandos
436 3829 507 3874 esse
530 3808 703 3874 verisimile
732 3814 790 3893 est,
815 3815 849 3874 ut
880 3810 942 3874 sint
966 3811 987 3874 4
1018 3809 1122 3894 ionici,
1154 3831 1288 3892 quorum

111 3919 201 3984 alter
225 3922 257 3981 et
280 3922 412 3998 quartus
435 3915 565 3980 iambici
588 3914 726 4000 primam
755 3915 914 4000 syllabam
939 3936 1144 4002 suppressam
1168 3916 1289 3984 babent

112 4024 220 4109 (quod
244 4024 380 4088 recurrit
403 4023 463 4089 Αν.
488 4045 518 4090 v.
545 4023 660 4106 1313):

227 4398 249 4467 ¹)
270 4399 346 4455 Nam
366 4401 409 4454 sic
432 4400 577 4455 traditum
596 4406 650 4456 est.
