2798 4980
602 297 822 360 ..23-

229 485 260 551 R
292 489 359 554 323
390 489 538 555 Bacchus
569 511 589 554 a
617 489 731 574 mystis
759 490 936 575 invocatur,
962 490 1022 554 'ubi
1052 497 1171 555 eertum
1202 510 1296 555 usum

126 611 163 656 ac
199 603 325 661 certam
358 597 592 662 invocationem
629 596 725 662 certis
762 600 901 664 numeris
940 617 1135 682 expressam
1166 604 1296 681 poetam

125 697 242 766 imitari
259 712 408 789 apparet.
452 724 580 769 carmen
604 704 702 787 igitur
725 706 849 770 sacrale
873 712 906 769 et
925 703 1047 768 numeri
1070 711 1105 768 ut
1127 705 1173 768 ita
1190 703 1296 767 dicam

127 810 270 877 sacrales
294 819 378 893 sunt,
395 812 507 894 quales
530 811 562 875 in
586 812 799 877 advocatione
815 811 937 876 Bacchi
960 811 1206 894 adhibebantur,
1224 829 1296 874 oum

127 914 292 984 Eleusinia
315 926 498 1003 agerentur.
525 959 562 967 -
590 919 729 1002 E912')
754 919 863 1003 puella
887 918 1039 1001 queritur,
1064 916 1150 999 quod
1174 916 1296 980 amicus

126 1043 188 1088 non
211 1025 310 1109 venit,
335 1045 415 1090 anus
440 1025 550 1090 dolore
579 1025 647 1090 eius
675 1025 807 1109 gaudet.
854 1026 918 1090 938
947 1024 1138 1090 adolescens
1162 1022 1296 1087 Veneris

128 1131 354 1217 cupidissimus
377 1133 409 1196 in
434 1153 564 1198 scenam
588 1131 696 1216 prodit
719 1139 752 1197 et
779 1153 799 1195 a
827 1131 959 1196 muliere
983 1129 1153 1214 excipitur.
1199 1129 1296 1209 952¹)

128 1244 158 1302 et
187 1259 272 1321 quae
302 1248 477 1321 sequuntur
506 1238 699 1304 carminibus
730 1250 810 1303 anus
840 1249 977 1303 summa¹
994 1236 1127 1302 libidine
1158 1236 1297 1320 impulsa

128 1345 365 1411 adolescentem
382 1352 529 1430 temptat,
547 1345 601 1427 qui
626 1345 777 1430 cupidine
792 1346 921 1430 puellae
937 1345 1064 1427 flagrat.
1112 1350 1184 1408 sunt
1198 1343 1297 1426 igitur

128 1443 408 1538 paraolausithyra
432 1472 516 1535 quae
539 1459 696 1517 vocantur
719 1459 816 1535 atque
840 1472 976 1537 poeseos
992 1452 1158 1536 popularis
1182 1450 1297 1516 summi

129 1566 238 1643 testes3
276 1559 404 1624 accedit
441 1558 474 1623 id
513 1559 599 1641 quod
630 1579 688 1624 nos
727 1558 864 1623 dicimus
898 1556 1046 1622 ‘Refrain'
1080 1579 1112 1623 v.
1141 1558 1295 1622 abl—59

131 1697 164 1725 =
184 1666 315 1732 66-68
340 1669 434 1744 μέθες
458 1666 600 1744 ἱκνοῦμαι
625 1665 655 1729 σ
675 1667 780 1744 Ἔρως
803 1668 854 1728 καὶ
877 1667 1016 1743 ποίησον
1034 1663 1120 1743 τήνδ’
1145 1666 1178 1742 ἐς
1201 1665 1296 1743 εύνήν

129 1777 182 1852 τήν
206 1775 284 1852 ἐμήν
308 1774 440 1848 ἱκέσθαι,
458 1793 523 1855 qua
544 1773 584 1837 de
605 1793 639 1837 re
656 1795 685 1838 v.
701 1795 756 1857 pg.
780 1773 831 1838 16.
889 1778 988 1854 atque
1012 1771 1108 1836 etiam
1128 1771 1161 1835 in
1183 1771 1295 1836 ionicis

129 1881 168 1946 ad
193 1881 273 1946 duos
297 1880 368 1945 illos
392 1881 497 1945 fontes
514 1880 701 1945 comoediae
718 1899 915 1963 revocamur,
933 1883 1062 1944 carmen
1078 1880 1204 1944 sacrale
1221 1878 1294 1944 dico

129 1995 158 2052 et
180 1988 348 2072 populare,
374 1987 425 2051 oui
448 1987 629 2070 proximum
658 1994 707 2053 est
738 1987 938 2053 amatorium.
985 1993 1083 2068 atque
1113 1988 1209 2071 plane
1239 1987 1294 2051 ab·

127 2095 233 2160 horret
256 2093 489 2178 Aristophanes
512 2115 533 2157 a
556 2093 847 2178 ditbyambicorum
871 2093 1043 2177 varietate,'
1073 2094 1164 2158 cuius
1187 2113 1294 2157 exem-

123 2201 211 2286 plum
235 2200 367 2266 exhibet
390 2199 570 2283 Agathonis
595 2199 710 2265 chorus
734 2201 762 2264 T
789 2201 861 2266 100.

230 2368 353 2453 Integri
377 2368 473 2433 ionici
498 2390 518 2433 a
541 2368 662 2433 minore
693 2369 812 2434 servati
844 2376 917 2434 sunt
940 2370 968 2433 V
993 2371 1054 2433 291
1088 2368 1120 2432 in
1144 2368 1292 2453 parodia.

115 2476 247 2542 ionicus
271 2484 303 2542 et
327 2475 717 2561 trochaeusrespondent
740 2476 822 2540 inter
845 2496 880 2541 se
904 2476 936 2539 in
961 2475 1101 2541 carmine
1125 2477 1154 2540 R
1178 2477 1292 2561 323²):

115 2649 154 2694 v.
168 2629 231 2692 327
248 2628 361 2704 ὁσίους
377 2628 411 2704 ές
427 2627 590 2704 θιασώτας
708 2649 739 2694 ν.
756 2628 821 2692 344
836 2629 932 2706 φλογὶ
949 2629 1098 2706 φέγγεται
1115 2631 1151 2692 δέ
1162 2630 1292 2706 λειμών·

250 2735 456 2813 πολύκαρπον
473 2738 529 2812 μέν
543 2735 708 2799 τινάσσων
836 2735 914 2811 γόνυ
936 2735 1086 2799 πάλλεται
1109 2736 1270 2819 γερόντων

252 2842 333 2921 ἀμφὶ
351 2843 439 2920 κρατὶ
456 2848 505 2925 σῷ
524 2841 691 2924 βρύονταέ)
835 2843 1043 2906 ἀποσείονται
1066 2845 1102 2906 δέ
1125 2843 1226 2920 λύπας

116 2987 218 3057 ionici
242 3000 275 3057 et
298 2992 395 3057 iambi
421 2992 658 3057 confunduntur
682 2994 720 3059 T.
745 3015 775 3058 ν.
791 2994 944 3058 355-58
968 2995 1008 3058 τὰ
1031 2993 1058 3057 δ’
1075 2994 1180 3073 ἄρισθ’
1197 2995 1292 3073 ὅσαις

117 3101 275 3178 προσήκει
301 3104 307 3161 l
322 3103 412 3163 νικᾶν
427 3100 594 3176 λεγούσας,
612 3100 730 3163 ὁπόσαι
748 3099 775 3163 b’
792 3101 992 3165 ἐξαπατῶσιν
1007 3104 1241 3180 παραβαίνουσι
1258 3125 1291 3167 τε

117 3209 207 3290 τοὺς,
233 3212 408 3288 sequuntur
443 3206 602 3291 glyconei.
640 3249 680 3258 -
705 3227 824 3289 magna
847 3207 1025 3273 variatione
1060 3216 1157 3293 poeta
1193 3211 1292 3280 utitur

108 3557 274 3627 responsio
289 3557 516 3610 accuratissime
530 3560 660 3624 servata,
674 3561 737 3609 tum
757 3557 821 3626 ipse
835 3556 958 3610 Pindari
976 3574 1082 3612 versus
1096 3575 1114 3612 a
1128 3560 1291 3614 scholiasta

108 3651 259 3699 servatus
291 3645 394 3699 docet:
425 3643 564 3709 πανδαμεὶ
594 3643 639 3696 τοὶ
671 3645 720 3708 μέν
751 3645 821 3710 ὑπέρ
850 3646 968 3698 πόντιον
991 3645 1088 3711 Ἕλλας
1112 3648 1204 3713 πόρον
1228 3649 1291 3714 ἱρόν

109 3733 209 3804 (ng.
230 3736 266 3787 fr.
286 3733 358 3801 189),
378 3735 465 3788 ouius
484 3735 576 3788 finem
595 3736 712 3788 faciunt
729 3735 820 3789 ionici
839 3751 857 3788 a
877 3737 992 3790 minore
1010 3738 1206 3807 integerrimi.

227 3823 249 3890 1)
270 3823 316 3876 De
336 3840 368 3877 re
388 3824 492 3876 critica
512 3840 540 3877 ν.
560 3825 727 3893 proximam
745 3825 898 3894 paginam.

227 3912 249 3980 θ)
269 3912 448 3966 Emendavit
467 3913 523 3966 hoc
543 3928 664 3966 carmen
683 3913 940 3977 Wilamowitzius‚
959 3913 1012 3968 Ph.
1032 3913 1068 3968 U.
1088 3913 1130 3968 IX
1150 3913 1210 3967 137.

225 4002 246 4067 ³)
264 3999 349 4067 Ἀμφὶ
367 4017 420 4071 pro
440 4000 503 4067 περὶ
529 4018 568 4056 ex
586 4001 614 4056 U
633 4000 660 4055 A
679 4001 708 4054 M
728 4000 866 4070 (Velseno
887 4002 975 4070 teste)
999 4002 1208 4073 accipiendum
1234 4009 1290 4059 est.

111 4105 217 4160 neque
242 4091 321 4144 enim
349 4091 438 4144 facile
462 4089 534 4156 ἀμφὶ
562 4090 644 4159 quod
672 4106 741 4144 cum
768 4090 871 4145 dativo
900 4092 1097 4145 cuuiunctum
1126 4091 1291 4146 admodum

113 4195 221 4233 rarum
240 4183 286 4233 est
305 4180 337 4232 in
356 4174 489 4233 dialectu
508 4180 602 4233 attica
621 4180 659 4233 ab
683 4181 848 4250 interprete
867 4181 1011 4250 scriptum
1034 4196 1101 4235 esse
1123 4195 1233 4235 sumas
1255 4213 1290 4221 —

116 4283 146 4321 v.
166 4267 219 4321 350
239 4269 356 4334 φέγγων
375 4273 480 4322 contra
499 4268 567 4321 Wil.
587 4284 655 4322 cum
674 4268 812 4323 Kaibelio
833 4270 1014 4323 servandum
1034 4274 1094 4336 σούς
1119 4285 1189 4324 nam
1209 4275 1290 4326 tran·

119 4357 242 4412 sitivum
261 4372 351 4412 usum
370 4357 513 4427 Hesychii
533 4359 635 4430 glossa
655 4362 785 4414 testatur
805 4359 976 4426 φέγγουσαν·
997 4361 1224 4428 λαμπρύνουσαν.
