2798 4980
611 287 741 352 -'25
789 327 830 339 ..-

106 469 275 546 lecticus.
325 482 460 546 recurrit
496 483 652 574 molossus
685 483 717 547 in
751 482 893 548 carmine
924 483 955 549 N
993 483 1095 566 1154,
1133 481 1188 546 ubi
1218 482 1305 547 Stre-

109 579 280 672 psiades,
313 589 399 672 quod
429 589 512 655 filius
541 589 714 675 perdidicit
745 588 867 672 gaudet
890 588 1053 672 filiumque
1077 587 1305 674 praedicatpcl

112 688 295 762 trimetros
319 696 474 763 iambicos
498 702 675 780 sequuntur
698 698 719 761 ό
742 695 856 762 ionici:

234 842 268 888 ν.
296 822 381 887 1158
406 821 475 901 οἶος
498 823 567 900 ἐμοὶ
590 822 737 901 τρέφεται
761 819 863 885 τοῖσδ’
887 823 932 885 ἑνὶ
956 821 1083 900 δώμασι
1107 825 1181 902 τιαῐς

489 928 627 1009 ἀμφήκει
649 929 770 1013 γλώττῃ
787 912 937 1007 λάμπων.
1088 1017 1089 1021 ¹
1119 919 1122 930 ¹
1155 910 1157 914 ¹

118 1044 154 1113 et
182 1049 251 1116 boc
277 1054 348 1119 loco
372 1052 504 1119 molossi
519 1051 714 1136 gravitatem
731 1051 893 1134 quandam
912 1072 992 1137 prae
1008 1033 1172 1119 scierunt.
1211 1051 1306 1117 finem

119 1159 288 1226 carminis
321 1159 501 1226 intermisso
534 1160 678 1224 trimetro
711 1159 849 1223 iambico
886 1160 1062 1224 membrum
1099 1159 1179 1225 illud
1217 1158 1306 1243 facit,

119 1265 220 1344 quod
246 1266 281 1331 in
304 1267 332 1330 Ε
355 1265 447 1331 nobis
471 1265 622 1350 occurrit,
648 1307 670 1316 -
688 1291 706 1318 υ
723 1257 742 1318 0
757 1307 782 1314 -
800 1291 818 1319 υ
834 1306 859 1315 -
883 1274 997 1357 quater
1021 1267 1209 1352 repetitum:

241 1413 274 1458 v.
301 1392 386 1457 1162
410 1393 564 1469 λυσανίας
587 1395 746 1476 πατρῴων
768 1393 914 1473 μεγάλων
937 1391 1056 1457 κακῶν

410 1499 448 1563 όν
470 1499 608 1564 κάλεσον
631 1500 751 1579 τρέχων
774 1501 905 1564 ἔνδοθεν
929 1501 975 1577 ὡς
998 1500 1060 1577 ἐμέ.

242 1660 355 1726 Novas
386 1657 418 1721 in
446 1657 560 1722 ionicis
584 1656 812 1742 componendis
842 1657 989 1724 licentias
1020 1679 1060 1722 ex
1088 1659 1229 1724 carmine
1257 1660 1308 1725 Au

121 1766 221 1830 1313
250 1764 493 1850 cognoscimus:
964 1773 968 1781 '

242 1893 322 1979 ταχὺ
346 1894 384 1969 δή
409 1890 595 1968 πολυάνορα
618 1890 676 1953 τάν
698 1890 790 1954 πόλιν
813 1893 900 1955 καλεῑ
921 1911 969 1969 τις
992 1891 1180 1970 ἀνθρώπων.

242 2001 321 2081 τύχα
344 1999 443 2078 μόνον
464 1998 610 2076 προσείη.

204 2132 206 2137 ·
243 2110 412 2189 κατέχουσι
435 2105 464 2171 δ’
487 2107 604 2185 ἔρωτες
627 2107 705 2184 ἐμάς
727 2105 852 2183 πόλεως

246 2256 287 2266 -
313 2220 429 2280 θάττον
453 2216 563 2294 φέρειν
586 2214 712 2277 κελεύω.

168 2325 272 2387 -τί
296 2324 356 2402 γάρ
380 2327 438 2385 οὐκ
462 2321 506 2385 ἔνι
530 2322 626 2405 ταύτῃ

243 2431 342 2495 καλὸν
366 2428 457 2507 ἀνδρὶ
482 2432 647 2506 μετοικεῖν;

242 2539 351 2618 Σοφία
374 2537 485 2614 Πόθος
509 2535 679 2614 ἀμβρόσιαι
703 2534 833 2613 Χάριτες

244 2646 282 2710 τό
305 2666 338 2709 τε
361 2648 418 2721 τάς
442 2644 669 2724 ἀγανόφρονος
690 2643 842 2723 Ἡσυχίας

352 2753 509 2831 εάάμερον
531 2751 718 2830 πρόσωπον.

132 2900 136 2909 ·
230 2885 349 2912 ·UU-
388 2884 554 2912 UU-UU
593 2884 691 2912 -U-
729 2884 948 2911 U-U--...

252 2992 388 3019 υ-υ-
429 2976 530 3018 υ-Ξ

253 3098 349 3126 υυ-
390 3097 555 3126 υυ-υυ
596 3097 732 3125 -υυ-
763 3083 905 3124 Ξ-υ-
947 3083 1048 3127 υ-Ξ

253 3207 274 3234 U
291 3208 309 3235 U
326 3224 349 3231 -
391 3206 409 3233 U
427 3206 445 3233 U
461 3223 485 3230 .-
502 3222 527 3229 ..

254 3314 273 3341 U
291 3314 309 3341 U
326 3331 351 3338 --
391 3314 409 3341 U
427 3314 445 3341 U
462 3330 486 3338 -
504 3329 526 3338 .-

256 3422 351 3450 UU-
392 3376 557 3449 UU-UU
597 3422 733 3449 .-UU-

256 3529 351 3557 υυ-
392 3528 558 3556 υυ-υυ
599 3528 733 3555 -υυ-
766 3514 909 3555 Ξ-υ-
950 3513 1043 3554 υ-Ξ

135 3610 227 3676 tertii
243 3610 337 3676 metri
354 3609 510 3695 (iambici)
527 3609 632 3695 prima
647 3609 775 3694 syllaba
792 3628 968 3693 suppressa
984 3615 1042 3674 est.
1072 3607 1311 3673 similitudinem

136 3718 225 3783 inter
249 3716 377 3783 tertium
401 3723 433 3781 et
457 3717 603 3781 ultimum
628 3735 756 3780 versum
781 3715 877 3780 facile
904 3735 1093 3798 cognoscas.
1140 3721 1312 3800 praeterea

139 3825 227 3890 duae
250 3824 283 3889 in
306 3823 368 3888 hoc
384 3823 525 3888 carmine
541 3842 593 3888 res
608 3821 917 3887 animadvertandae
941 3828 1024 3889 sunt.
1070 3821 1311 3907 primumquod

139 3952 242 4017 saepe
266 3932 297 3995 in
321 3931 410 3996 initio
434 3930 560 4016 periodi
583 3937 729 3995 extrema
752 3928 848 3995 ionici
870 3929 965 4014 primi
986 3929 1114 4014 syllaba
1137 3948 1312 4015 suppressa

140 4047 191 4106 cst
215 4039 320 4124 (sequi
343 4040 425 4104 solet
447 4039 572 4120 integer
595 4037 718 4103 ionicus
742 4059 762 4103 a
785 4037 930 4118 minore).
978 4043 1026 4102 est
1057 4037 1165 4121 igitur,
1195 4043 1230 4101 ut
1253 4057 1311 4102 nos

140 4145 291 4230 dicimus,
313 4146 375 4211 ‘ein
394 4145 587 4212 Leitmotiv’.
634 4144 753 4210 clarius
775 4145 879 4210 elucet
899 4145 931 4208 in
952 4142 1102 4209 brevibus
1125 4143 1188 4210 illis
1211 4143 1310 4210 versi-

142 4253 280 4338 culis-u.
307 4254 392 4317 1319
417 4239 476 4337 οφ,
501 4252 555 4334 qui
578 4273 654 4318 mox
677 4257 850 4316 recurrent.
887 4249 1005 4315 deinde
1028 4250 1245 4316 memorabilis
1264 4258 1313 4316 cst

141 4381 258 4429 versus
280 4360 351 4426 finis
375 4360 439 4446 ille,
463 4360 519 4425 ubi
542 4367 616 4445 post
639 4360 780 4424 iambum
793 4348 889 4423 'duae
912 4358 1060 4442 syllabae
1086 4357 1213 4443 positae
1240 4364 1313 4423 sunt
