2798 4980
591 293 810 356 ..41-

77 530 86 537 -
145 494 235 560 ambas
255 486 358 551 theses
382 503 575 569 suppressas
603 485 715 568 hahet3
741 492 839 567 atque
862 504 934 549 cum
964 484 1034 569 ipso
1064 485 1205 549 membro
1229 484 1283 548 illo

147 642 163 651 .
177 624 191 651 υ
205 619 237 648 υυ
260 588 471 672 coniungitur,
495 597 530 654 ut
554 589 672 655 evadat
696 590 872 655 versiculus
899 591 1071 673 singularis
1096 590 1189 656 huius
1214 610 1285 674 spe-

146 706 192 772 ciei
210 743 231 751 -
245 723 262 750 υ
280 721 318 749 νυ
346 737 369 745 -
383 737 418 780 -,
444 696 498 778 qui
523 716 595 760 cum
619 696 815 762 levissimam
840 703 872 760 et
894 697 1116 779 gravissimam
1142 696 1285 761 trochaei

144 816 252 880 sornam
274 803 445 887 contineat,
469 803 634 888 proprium
651 802 742 869 ethos
758 803 857 868 habet
877 803 931 887 (cf.
948 804 985 868 F.
1002 803 1096 888 Spiro
1114 803 1133 869 l.
1150 803 1196 885 λ).
1227 800 1286 866 sed

144 915 280 1002 stropham
304 909 455 976 carminis
477 909 505 974 L
530 911 590 975 781
618 909 801 975 exscribere
825 909 922 974 liceat

175 1028 262 1105 μύθον
279 1018 431 1097 βούλομαι
448 1019 532 1084 λὲξαι
547 1015 602 1082 τιν’
617 1019 698 1094 ὑμῖν,
715 1017 753 1081 ὅν
767 1016 835 1081 ποτ’
850 1015 961 1095 ἢκουσ’
977 1016 1073 1092 αύτὸς
1086 1017 1130 1079 ἔτι
1143 1019 1218 1092 παῖς
1231 1015 1286 1078 ὤν.

174 1129 264 1202 οὕτως
285 1124 325 1203 ἠν
347 1125 518 1202 νεανίσκος
542 1124 711 1189 Μελανίων
733 1145 789 1201 τις,
820 1125 857 1201 ὃς
884 1124 1015 1203 φεύγων
1038 1123 1141 1200 γάμον
1165 1121 1287 1201 ἀφίκετ’

225 1234 257 1310 ἐς
279 1231 411 1310 ἐρημίαν
435 1231 492 1295 κάν
515 1235 582 1307 τοῖς
606 1229 715 1309 ὄρεσιν
739 1232 822 1313 ᾤκει.

172 1338 227 1425 κᾷτ’
250 1339 433 1416 ἐλαγοθήρει

77 1495 81 1516 2
170 1443 352 1522 πλεξάμενος
376 1443 473 1521 ἄρκυς

77 1532 80 1537 ‚
170 1554 214 1618 καὶ
236 1550 312 1614 κύνα
335 1548 391 1614 τιν’
415 1544 495 1628 εἶχεν

169 1659 280 1724 κούκέτι
304 1660 439 1735 κατῆλθε
462 1656 556 1720 πάλιν
580 1655 680 1720 οἴκαδ’
704 1656 766 1719 nuo
791 1657 914 1733 μίσους.

77 1828 78 1835 ,
169 1765 246 1832 ούτω
279 1765 336 1841 τὰς
368 1767 519 1840 γυναῖκας
554 1764 723 1842 ἐβδελύχθη
757 1762 879 1839 ’.κεῖνος
907 1763 995 1840 ἡμεῖς
1022 1761 1048 1824 τ’
1071 1761 1166 1825 οὐδὲν
1193 1761 1288 1839 ἧττον

224 1874 278 1935 τοῦ
302 1871 510 1948 Μελανίωνος
534 1871 564 1935 οἱ
587 1873 770 1951 σώφρονες.

135 1976 219 2045 οοίοιί
240 1976 356 2059 integri
379 1983 452 2041 sunt
476 1976 630 2043 trochaei.

225 2124 285 2132 ..-.
319 2108 456 2134 -υ--
493 2108 630 2135 -υ--
668 2108 805 2134 -υ--
839 2108 957 2135 -υυύ
994 2125 1056 2131 ...-

223 2230 285 2239 ...-
335 2214 472 2240 -υ--.
522 2214 1065 2242 -υλΝ-υ---υλΝ-υυυ
1120 2215 1259 2240 -υ--

337 2194 498 2368 -υυυΞ
1092 2192 1236 2365 ξ-υυυ

275 2410 463 2437 -υυυ-..-.

224 2517 408 2544 -uw...-

224 2625 411 2652 ..Um-J...-

224 2731 410 2759 -UW--

1030 2946 1144 2973 ..ww
1184 2947 1286 2973 -U--

126 3130 269 3198 trochaeo
293 3135 332 3212 ἠν
356 3135 456 3199 νεανί-
481 3134 655 3218 respondet
678 3135 718 3212 ἤν
741 3155 787 3210 τις
811 3134 866 3208 ἀί,
890 3133 966 3198 item
994 3134 1190 3218 respondent
1218 3156 1285 3214 -ρη-

124 3238 326 3313 oravisset
350 3243 527 3320 -ειργμὲνος
548 3239 606 3304 Ἐ-.
635 3240 804 3324 aptissima
834 3249 942 3306 autem
973 3241 1056 3306 haec
1077 3241 1213 3307 variatio
1238 3250 1287 3308 est

122 3342 159 3406 ad
187 3345 403 3431 lepidissimas
433 3345 621 3411 Melanionis
652 3353 683 3410 et
714 3346 857 3412 Timonis
888 3369 1010 3412 morum
1041 3348 1285 3433 descriptiones.

122 3488 154 3496 —
180 3454 357 3517 membrum
381 3453 460 3517 illud
484 3495 509 3502 -
526 3480 543 3505 υ
562 3477 600 3504 νυ
627 3454 850 3518 --recurrit
880 3455 939 3520 Αν.
965 3477 994 3520 v.
1020 3456 1085 3520 254
1112 3462 1185 3540 post
1208 3455 1286 3519 dac-

118 3557 201 3638 tylos
224 3561 282 3625 ohu
297 3566 302 3624 Ι
317 3566 382 3626 νῶν
405 3563 629 3640 ταναοδείρων.

222 3686 370 3767 Denique
394 3685 715 3750 animadvertendum
731 3692 781 3750 est
801 3684 894 3749 huius
910 3685 1039 3750 fabulae
1056 3685 1286 3769 (Lysistratae)

113 3788 277 3856 trochaeis
300 3791 448 3856 liberiore
472 3791 568 3856 modo
594 3791 780 3876 compositis
805 3813 944 3857 -nam
975 3790 1018 3855 ad
1048 3791 1183 3856 creticos
1213 3812 1287 3875 pro-

111 3888 190 3971 pius
221 3897 380 3962 accedunt
403 3939 447 3946 —
470 3897 512 3961 ad
536 3897 660 3982 priores
683 3898 812 3962 fabulas
841 3918 898 3963 nos
928 3899 1082 3980 revocari,
1114 3897 1145 3960 in
1170 3896 1287 3978 quihus

111 4002 228 4067 tretici
265 4003 513 4086 frequentissimi
552 4010 634 4070 sunt.
697 4004 801 4088 prima
840 4004 996 4069 liberioris
1035 4004 1119 4068 illius
1152 4004 1287 4070 rationis

109 4110 266 4194 exempla
289 4116 362 4175 sunt
385 4111 414 4174 A
438 4112 504 4176 280
526 4111 576 4192 Eq
598 4110 673 4193 616,
699 4130 782 4191 quac
806 4130 906 4195 supra
922 4111 1024 4177 attuli.
1064 4130 1123 4176 nec
1139 4109 1286 4175 omitten-

109 4205 193 4278 dum
223 4223 272 4283 est
301 4216 333 4280 in
356 4216 618 4282 Achamensihus
651 4215 794 4280 carmina
825 4216 929 4299 lyrica
959 4216 1126 4283 trochaica
1157 4216 1287 4282 omnino

108 4332 180 4385 non
203 4323 348 4409 reperiri,
372 4325 397 4390 si
423 4324 542 4390 omittis
566 4346 595 4389 v.
620 4323 784 4388 280-83.
