2798 4980
587 304 815 383 aa..

112 500 241 592 syllaba
267 507 402 595 ancipiti
425 508 511 573 nullo
532 504 624 573 hiatu
647 501 875 590 intercedente,
900 512 932 571 et
953 506 1050 570 finem
1071 498 1290 571 *laclatc'atass

111 610 257 698 lecticas,
294 622 329 680 ut
361 614 468 680 omnia
501 613 580 678 hace
610 614 754 679 membra
773 632 847 696 sper
865 610 1079 697 synaphiam,
1113 618 1148 676 ut
1166 610 1290 676 dicere

113 721 270 805 solemus,
304 722 387 786 inter
420 741 455 786 se
490 721 685 785 cohaereant
702 736 704 741 ⁴
720 713 755 784 et'
788 726 891 784 totum
925 723 1068 802 systema
1099 725 1290 803 perpetuum

92 821 215 909 'usque
242 829 286 893 ad
311 828 472 894 catalexin
501 826 712 893 continuetur.
759 826 868 911 parvis
898 833 1004 890 autem
1035 845 1175 910 semper-
1190 830 1290 909 syste-

114 936 209 1000 matis
245 957 323 1002 usus
356 942 404 1001 est
437 943 552 1020 poeta3
586 928 786 1004 continentur
822 928 906 1001 ‚enim
938 931 1073 1020 singulis
1107 932 1292 1016 systematis

114 1041 178 1106 bini
211 1044 297 1108 terni
326 1042 473 1126 quaterni
502 1041 590 1124 quini
611 1039 687 1109 ¹seni
718 1039 878 1124 glyconei.
925 1057 1009 1121 quae
1039 1044 1219 1122 systemata
1248 1036 1292 1101 ad

113 1149 261 1214 carmina
285 1151 317 1216 ἐξ
340 1149 461 1229 ὁμοίων
485 1146 706 1232 componenda
729 1145 897 1231 aptissima
924 1164 995 1210 esse
1025 1143 1121 1210 facile
1145 1143 1291 1227 colligas

114 1296 153 1302 -
185 1255 239 1338 Eq
271 1257 366 1339 973¹)
399 1255 504 1321 sexies
536 1255 682 1337 quaterni
711 1248 883 1339 gl‘yconei‚¹
902 1250 935 1318 R
966 1253 1031 1318 448
1063 1252 1112 1317 bis
1143 1251 1293 1334 quaterni

111 1362 267 1446 acephali
292 1362 555 1429 antecedentibus
580 1359 930 1443 singulis-tetrametris
954 1359 1114 1444 iambicis,
1138 1359 1188 1441 Eq
1207 1360 1290 1423 1111

110 1471 263 1549 quaterni
284 1478 317 1534 ct
337 1470 404 1535 seni
425 1464 702 1554 polyschematisti
721 1464 859 1551 singulis
882 1461 1022 1551 strophis
1046 1465 1160 1531 inclusi
1176 1471 1293 1547 quater

109 1582 317 1659 repetuntur.
364 1577 500 1661 primam
524 1571 689 1659 stropham
714 1573 897 1639 exscribere
920 1573 1037 1639 liceat:
1143 1589 1144 1592 ’

320 1680 323 1686 ’
435 1697 475 1781 Ὠ
500 1700 601 1780 Δῆμε,
625 1701 723 1778 καλήν
746 1697 775 1775 γ’
799 1700 879 1778 ἔχεις

493 1807 601 1886 ἀρχὴν,
626 1806 679 1870 ὅτε
702 1805 819 1882 πάντες
843 1804 895 1869 ἄν·

495 1920 617 1993 epona
642 1913 767 1984 δεδίασί
792 1911 822 1975 o’
846 1912 910 1975 ὥσ-

493 2037 552 2100 περ
576 2020 678 2099 ἄνδρα
702 2021 867 2099 τύραννον.

442 2127 507 2191 ἀλ1’
531 2127 762 2205 εὐπαράγωγος
785 2121 813 2190 εἶ

496 2235 721 2313 θωπευόμενός
743 2254 776 2298 τε
799 2234 864 2312 χαί-

495 2349 560 2420 ρεις
583 2341 850 2419 κάξαπατώμενος

491 2451 573 2528 πρὸς
596 2449 652 2512 τόν
673 2469 708 2511 τε
731 2445 851 2523 λέγοντ’
874 2446 922 2510 ἀεὶ
1018 2428 1021 2436 Α

494 2557 635 2634 κέχηνας·
661 2554 679 2618 ὁ
702 2558 779 2633 νοῦς
803 2557 839 2618 δὲ
862 2569 924 2617 σου

494 2665 607 2740 παρὼν
630 2661 796 2740 ἀποδημεῖ.

114 2786 140 2849 Ρ
168 2786 258 2850 1329
282 2787 402 2872 septies
426 2786 524 2852 ternis
548 2786 712 2872 acephalis
737 2785 954 2851 acatalecticis
970 2785 1204 2868 subiunguntur
1227 2783 1294 2850 bini

228 3108 251 3171 1)
271 3106 304 3161 V.
324 3105 376 3160 974
403 3123 445 3176 sq.
471 3107 584 3178 legitur
609 3113 733 3174 παροῦσι
760 3107 806 3162 καὶ
833 3111 893 3174 τοῖς
922 3109 1186 3176 ἀφικνουμένοισιν,
1213 3111 1295 3179 quod

116 3195 252 3248 numeris
272 3200 432 3265 repugnat.
461 3196 514 3248 sed
533 3196 589 3250 hoc
607 3197 680 3251 mihi
699 3202 815 3252 certum
830 3212 897 3251 esse
910 3197 1032 3252 videtur
1045 3198 1137 3251 verbo
1158 3198 1292 3266 ἀφικνου-

120 3285 216 3348 μένοις
239 3284 356 3351 (deletis
381 3285 488 3337 litteris
508 3284 544 3352 ιν)
566 3285 748 3354 glyconeum
769 3287 872 3354 latere,
896 3290 931 3340 111
950 3287 1007 3341 hoc
1027 3290 1146 3340 tantum
1171 3287 1244 3356 quid
1263 3289 1294 3340 in

119 3375 207 3427 initi0
227 3389 333 3426 versus
353 3373 543 3427 scribendum
568 3376 606 3427 sii
625 3376 808 3445 ambigatur.
846 3376 1051 3430 desideramus
1074 3376 1194 3445 quidem
1218 3376 1293 3430 haec

120 3465 201 3516 fere:
219 3461 365 3515 ‘omnibus
385 3463 437 3531 qui
456 3463 568 3516 adsunt
587 3470 618 3517 et
637 3465 688 3532 qui
708 3464 837 3518 aderunt
857 3463 1008 3534 unquam'.
1044 3466 1104 3518 iam
1124 3450 1194 3519 cum*
1212 3467 1294 3518 111111·

115 3551 187 3606 ‘rum
207 3552 292 3605 verbi
312 3550 489 3616 ἀφικνεῖσθαι
508 3554 641 3606 numeris
665 3568 726 3606 non
745 3555 919 3621 conveniat,
947 3553 1031 3608 aliud
1050 3555 1176 3608 verbum
1202 3569 1293 3622 quae-

120 3640 249 3695 rendum
269 3644 323 3707 est,
343 3641 391 3692 cui
411 3641 493 3693 notio
513 3642 610 3694 11111111
628 3642 715 3695 inest.
753 3643 834 3711 quod
853 3643 1079 3712 elegantissime
1104 3642 1240 3707 efficitur,
1260 3644 1295 3710 si,

121 3730 203 3799 qued
222 3728 379 3782 Kaibelius
399 3728 468 3782 olim
488 3736 696 3800 proposuerat,
716 3732 820 3785 scribis
837 3734 928 3784 τοῖσιν
947 3732 1225 3798 ἀνταφικνουμέναις.

200 3818 251 3884 ·²)
272 3816 348 3870 Nam
377 3819 420 3870 sic
447 3813 602 3888 geminato
631 3820 860 3889 epiphonemate
893 3820 1085 3875 scribendum
1115 3836 1183 3875 esse
1211 3826 1293 3875 recte

121 3906 336 3960 animadvertit
356 3905 550 3975 Schraderus‚
571 3907 624 3962 Rh.
639 3907 676 3961 M.
696 3907 767 3961 XXI
780 3908 815 3962 93
825 3921 888 3979 sqq.
902 3910 1060 3979 quaeritur
1075 3913 1177 3963 autern
1191 3914 1293 3964 utrum

122 3996 182 4049 duo
216 4011 321 4049 versus
355 3996 523 4049 catalectici
555 4013 594 4050 an
628 4012 708 4051 unus
741 3998 958 4053 acatalecticus
986 3999 1063 4052 alter
1096 3999 1293 4054 catalecticus

121 4084 277 4139 statuendi
309 4086 376 4138 sint.
418 4102 456 4139 ex
492 4084 611 4160 Catulli
631 4101 703 4140 vero
736 4087 919 4142 carminibus
947 4085 1017 4140 LXI
1046 4092 1075 4141 et
1103 4085 1187 4141 LXII
1219 4088 1292 4141 nihil

120 4174 286 4227 lucramur.
323 4163 393 4227 narn
413 4173 566 4229 Catullum
586 4191 639 4245 pro
654 4176 835 4229 necessiiate
854 4190 960 4230 versus
973 4176 1048 4230 haee
1061 4177 1293 4246 epiphonemata

120 4265 268 4316 formasse
296 4268 437 4333 apparet:
464 4264 494 4316 in
521 4264 652 4316 carmine
678 4261 746 4316 LXI
766 4264 855 4318 linem
880 4264 997 4318 faciunt
1017 4264 1174 4334 strophae*
1191 4263 1293 4334 glyco

120 4367 209 4416 neae,
222 4352 327 4420 itaque
340 4353 559 4421 paenultimum
573 4367 693 4406 versum
707 4352 889 4422 glyconeum
904 4352 1144 4420 acatalecticum,
1153 4352 1294 4405 ultimum
