2798 4980
597 303 797 380 24..

109 504 221 589 itaque
238 508 280 573 ad
297 508 513 573 necessariam
528 509 677 573 lacunam
694 509 888 594 explendam
904 510 965 576 hoc
982 532 1111 577 carmen
1126 509 1283 577 insertum

110 633 182 680 esse
206 622 352 699 apparet.
393 614 537 680 similiter
555 616 582 679 L
600 616 695 701 1189,
720 625 892 701 postquam
916 619 1016 700 legati
1039 619 1294 683 Atheniensium.

111 729 144 786 et
166 721 498 787 Lacedaemoniorum
521 743 541 787 a
564 722 759 807 Lysistrata,
780 723 912 790 R1482
937 731 1108 809 postquam
1134 724 1284 789 Bacchus

110 835 143 893 61
165 828 347 913 Aeschylus
371 849 391 892 a
414 829 550 893 Plutone
573 828 616 892 ad
641 830 754 914 epulas
779 831 885 895 vocati
909 831 1066 916 abierunt,
1095 831 1184 896 chori
1210 851 1283 895 can-

110 937 207 1000 ticum
231 935 411 1001 intercedit.
438 981 478 989 -
502 936 696 1020 Necessaria
720 957 847 1019 quoque
876 939 992 1002 lacuna
1021 939 1180 1023 expletur,
1211 957 1284 1001 cum

110 1043 234 1108 accitur
257 1042 388 1126 aliquis,
413 1042 500 1107 velut
523 1044 552 1108 N
577 1044 651 1128 804,
677 1044 731 1108 ubi
754 1044 977 1129 Strepsiades,
1007 1065 1102 1127 quem
1131 1046 1284 1110 Socrates

110 1149 282 1214 indocilem
310 1169 396 1214 csse
435 1150 602 1234 cognovit,
643 1150 772 1215 domum
810 1152 879 1216 abit
920 1152 1019 1216 filium
1058 1152 1283 1216 arcessiturus.

110 1258 161 1323 Av
187 1258 273 1322 1694
302 1276 432 1321 carmen
460 1257 596 1341 canitur,
619 1264 791 1342 postquam
815 1258 1036 1324 Pisthetaerus
1060 1279 1132 1322 cum
1158 1257 1228 1322 deis
1253 1258 1284 1320 in

111 1365 285 1448 Olympum
309 1362 456 1428 ascendit
476 1363 519 1426 ad
535 1363 689 1428 Basiliam
705 1363 948 1447 arcessendam;
970 1364 1164 1430 monendum
1186 1364 1284 1428 etiam

110 1471 188 1537 nilril
213 1470 256 1534 ad
286 1489 352 1534 rem
382 1468 445 1532 hoc
475 1488 604 1534 carmen
628 1470 804 1554 pertinere,
836 1490 899 1552 quo
930 1472 1034 1553 magis
1063 1471 1189 1556 species
1215 1470 1284 1534 diu-

110 1586 224 1643 turnae
254 1577 420 1642 absentiae
453 1576 618 1642 efficiatur.
666 1577 716 1642 Α1
744 1578 805 1643 851
842 1578 1077 1662 Pistlretaerus,
1109 1584 1284 1662 postquam

110 1685 303 1751 sacrificium
335 1683 477 1769 paravit,
510 1683 580 1768 ipse
612 1684 816 1748 sacerdotem
849 1686 1061 1750 arcessiturus
1095 1685 1176 1767 abit3
1208 1705 1284 1747 nam

110 1791 286 1877 Euelpides
321 1798 353 1854 61
387 1790 498 1874 Epops
529 1797 626 1854 11161
660 1789 703 1854 ad
739 1790 944 1855 muniendam
978 1791 1090 1855 urbem
1125 1790 1283 1855 abierunt.

111 1899 208 1964 etiam
239 1897 509 1978 P856=9rq
540 1895 616 1960 dum
646 1896 757 1980 Opora
787 1912 807 1960 a
838 1916 931 1961 servo
962 1896 1090 1961 domum
1121 1896 1286 1960 inducitur

112 2004 272 2090 (similiter
306 2004 339 2067 in
362 2003 492 2086 antoda,
529 2003 605 2067 dum
637 2003 778 2068 Theoria
813 2003 856 2067 ad
891 2011 1038 2069 senatum
1070 2003 1283 2088 perducitur),

111 2113 250 2196 spatium
274 2110 474 2175 intercedere
499 2110 649 2195 debebat,
674 2130 736 2192 quo
761 2110 816 2175 illa
839 2111 1003 2175 lavaretur
1028 2117 1070 2194 (v.
1096 2111 1184 2193 868).
1219 2129 1285 2174 ser-

111 2239 171 2284 vus
203 2225 312 2283 autem
345 2219 496 2302 Trygaeo
530 2217 769 2302 exspectandus
802 2225 884 2302 erat,
921 2221 975 2299 qui
1009 2238 1092 2282 nova
1129 2217 1285 2281 mandata

111 2326 274 2410 acciperet
299 2330 341 2410 (v.
366 2327 431 2389 922
457 2325 513 2401 ἄγε
537 2330 575 2404 bt]
600 2328 628 2389 τί
652 2333 717 2409 νῷν
742 2328 897 2389 ἐντευθενὶ
921 2327 1109 2410 ποιητέον;).
1144 2325 1194 2406 Eq
1218 2325 1284 2389 913

112 2433 188 2498 Cleo
222 2440 254 2496 et
286 2432 496 2515 Agoracritus
531 2453 551 2496 1
579 2433 681 2496 Demo
715 2431 838 2496 dimissi
872 2438 956 2516 sunt,
991 2438 1025 2495 nt
1059 2432 1191 2496 oracula
1225 2451 1285 2496 sua

111 2547 245 2622 uterque
270 2539 414 2621 afferret3
439 2538 584 2603 similiter
611 2542 705 2623 1111,
730 2539 784 2603 ubi
809 2539 885 2603 Oleo
912 2538 1050 2603 oraculis
1074 2539 1178 2603 victus
1203 2539 1284 2603 cibis

111 2648 248 2712 Demum
272 2646 381 2711 111616
404 2646 482 2711 vult.
529 2645 614 2710 idem
638 2665 710 2710 cum
734 2645 945 2728 Agoracritus
968 2645 1161 2731 promiserit,
1187 2646 1283 2710 ambo

113 2754 247 2819 bellaria
269 2773 329 2818 sua
352 2753 468 2817 afferre
491 2752 650 2818 iubentur.
697 2751 772 2827 dum
797 2753 927 2836 absunt,
958 2752 1119 2817 canticum
1144 2752 1283 2818 canitur.

218 2860 373 2927 Omnibus
398 2859 447 2924 his
470 2859 549 2924 locis
573 2879 653 2940 quos
676 2858 783 2924 adhuc
807 2859 910 2943 attuli,
939 2879 1010 2923 cum
1035 2860 1086 2924 vel
1110 2867 1208 2923 antea
1232 2858 1285 2923 vel

110 2969 182 3054 ipso
207 2967 347 3033 carmine
372 2966 413 3032 de
436 2967 543 3050 rebus,
563 2986 645 3047 quae
669 2967 754 3030 intra
777 2966 917 3051 spatium
941 2966 1021 3030 illud
1039 2967 1092 3048 agi
1109 2966 1284 3049 finguntur,

112 3075 264 3140 certiores
278 3073 357 3138 facti
373 3073 481 3158 simus,
497 3073 568 3138 aliis
583 3073 774 3154 quibusdam
791 3073 870 3138 locis
886 3094 926 3137 ex
943 3073 982 3138 iis
995 3093 1078 3154 quae
1094 3080 1283 3156 sequuntur,

111 3203 162 3248 res
192 3182 265 3247 illas
295 3180 450 3264 novimus,
482 3187 654 3264 postquam
684 3186 777 3244 actae
810 3181 883 3264 sint,
915 3181 972 3246 scd
1004 3180 1050 3245 ita
1080 3188 1115 3244 ut
1145 3200 1162 3244 e
1195 3180 1285 3244 chori

113 3289 253 3354 carmine
278 3287 422 3353 divinare
447 3306 503 3352 eas
526 3287 632 3353 liceat.
656 3288 686 3354 N
713 3288 798 3352 1303
821 3287 1053 3371 Strepsiadem,
1074 3286 1129 3368 qui
1147 3309 1177 3352 1.
1198 3287 1284 3351 1302

112 3395 283 3480 Amyniam
318 3415 513 3478 persequens
548 3395 643 3477 abiit,
678 3395 762 3458 intra
797 3394 927 3458 domum
962 3394 1033 3458 rixa
1068 3400 1139 3458 orta
1167 3415 1187 3457 a
1218 3394 1284 3457 lilio

112 3504 316 3568 verberatum
346 3521 418 3567 esse
448 3522 489 3565 ex
519 3524 548 3568 v.
576 3503 660 3566 1323
690 3522 749 3584 sq,
782 3501 897 3583 quibus
928 3501 1103 3566 vicinorum
1126 3500 1283 3565 auxilium

111 3609 272 3694 implorat,
297 3608 513 3690 colligendum
537 3616 595 3674 est.
635 3608 782 3673 similiter
806 3609 834 3672 V
861 3608 946 3682 1265
970 3608 1208 3672 Philocleonem
1233 3628 1285 3671 16-

113 3716 316 3782 conciliatum
346 3717 377 3779 in
409 3716 554 3781 convivio
585 3716 778 3781 bacchatum
809 3734 890 3798 esse,
922 3735 1050 3781 servum
1080 3715 1283 3798 verberasse,

113 3844 222 3889 omnes
243 3823 297 3904 qui
319 3822 446 3888 obviam
468 3823 496 3887 ei
516 3823 661 3888 venerint
681 3823 835 3888 insultare
856 3843 877 3886 1
892 3822 1042 3887 Xanthia.
1057 3822 1284 3906 comperimus.

34 3940 37 3947 '
112 3933 141 3996 V
167 3929 851 4014 1482Ρ1111661661611,111111111111116
877 3929 1020 4013 edoctus,
1046 3928 1185 4010 quaein
1211 3949 1285 3992 con-

113 4038 197 4103 vivio
233 4037 262 4101 ei
296 4036 446 4101 facienda
480 4037 530 4102 161
562 4036 700 4101 dicenda
735 4017 859 4121 essent,
891 4035 933 4101 ad
964 4036 1069 4120 ipsum
1103 4036 1284 4101 convivium

113 4163 185 4208 cum
216 4143 270 4207 illo
302 4144 395 4228 abiit,
434 4127 563 4209 domum
599 4163 763 4208 reversum
794 4151 905 4228 potum
936 4150 1037 4208 totam
1068 4163 1126 4229 per
1157 4151 1283 4209 noctem

113 4251 250 4316 saltasse
275 4258 306 4316 et
330 4250 463 4332 antiqua
487 4252 631 4316 carmina
648 4251 839 4315 decantasse
860 4273 880 4314 a
897 4251 1039 4315 Xanthia
1061 4273 1090 4316 v.
1110 4253 1196 4316 1414
1213 4272 1283 4332 sqq.

114 4356 275 4424 docemur.
301 4399 344 4407 -
369 4365 417 4424 est
442 4379 519 4423 sane
544 4359 715 4422 artificium
744 4357 833 4440 illud,
864 4378 926 4438 quo
954 4365 986 4421 et
1014 4378 1071 4423 nos
1098 4359 1225 4442 utimur,
1250 4365 1285 4422 ut
