2798 4980
496 336 716 406 ..49-

91 537 135 601 les
163 535 314 616 querelae
342 541 471 600 exstant
500 535 576 601 Eur.
607 535 686 602 Heo.
717 556 747 603 ν.
780 536 843 600 162
873 538 1019 614 φροῦδος
1047 537 1190 615 πρεσβὺς

91 647 160 707 ιῡδοι
182 645 303 720 παῖδες.
327 642 356 708 V
374 643 438 708 750
453 641 617 708 Philocleo
640 663 661 706 a
684 641 748 707 filio
769 641 952 726 impeditus,
967 661 1007 705 ne
1021 641 1054 706 in
1069 641 1191 707 iudicia

91 755 135 833 ret,
157 749 352 813 lamentatur
375 754 473 831 atque
497 769 582 831 quae
604 749 659 813 ille
682 756 789 814 monet
811 747 963 833 repudiat

288 857 328 934 μή
353 876 406 933 μοι
428 856 674 935 τούτωνμηόὲν
696 856 861 935 ὑπισχνοῦ.

288 964 401 1028 κείνων
424 964 537 1042 ἔραμαι
561 967 638 1027 κεῖθι
661 964 812 1041 γενοίμαν
835 966 899 1027 κτλ.

91 1071 139 1134 t23
163 1069 325 1134 Philocleo
349 1069 456 1134 atilio
481 1069 566 1134 domi
590 1075 733 1134 retentus
763 1089 887 1133 summa
917 1088 991 1132 cum
1020 1067 1194 1132 severitate

91 1179 111 1243 is
133 1183 189 1241 aut
211 1176 367 1241 auxilium
391 1183 447 1241 aut
469 1176 589 1240 fulmen
611 1176 778 1260 implorat:

145 1304 175 1349 ν.
200 1284 265 1347 323
289 1281 355 1347 ἀλλ’
384 1281 410 1345 ὧ
433 1281 497 1345 Ζεῦ
521 1283 601 1359 μέγα
617 1280 764 1364 βρόντα’)

287 1390 306 1468 ἢ
332 1409 369 1466 με
391 1389 531 1467 ποίησον
555 1389 676 1452 καπνὸν
700 1387 852 1468 ἐξαίφνης
876 1391 940 1453 κτλ.

147 1517 177 1561 ν.
201 1496 267 1561 326
290 1495 452 1575 τόλμησον
476 1495 554 1562 ἄναξ
577 1495 773 1574 χαρίσασθαί
799 1515 851 1573 μοι

288 1606 393 1680 πάθος
417 1603 580 1681 οἰκτείρας·

290 1711 309 1789 ἢ
334 1732 371 1788 με
395 1715 538 1794 κεραυνῷ
564 1709 772 1792 διατινθαλέῳ

288 1817 448 1882 σπόδισον
471 1816 592 1895 ταχέως
614 1820 677 1881 κτλ.

91 1921 218 1987 {cedunt
241 1923 305 1987 duo
329 1922 423 1987 ionici
448 1943 468 1986 a
491 1921 622 2007 minore,
643 1941 778 2004 quorum
797 1920 885 2005 prior
901 1920 1031 1986 molossi
1054 1919 1197 2005 speciem

91 2030 168 2097 obet.

130 2135 326 2221 Anapaesti,
357 2134 433 2216 quia
456 2141 573 2200 natura
607 2134 751 2217 graviter
786 2139 818 2198 et
850 2133 1035 2199 solemniter
1069 2140 1196 2218 sonant,

91 2262 145 2308 me
167 2242 211 2307 ad
234 2241 387 2328 prosodia
410 2241 612 2325 conveniunt,
636 2241 724 2306 velut
747 2239 776 2304 R
800 2240 876 2325 372,
901 2240 956 2305 ubi
984 2240 1100 2306 chorus
1123 2260 1198 2325 pro-

91 2369 143 2416 ens
168 2349 393 2434 Proserpinam
416 2347 531 2413 laudat

238 2477 268 2522 v.
293 2456 356 2520 377
382 2455 444 2519 ἀλλ’
472 2455 551 2533 ἔμβα
574 2454 691 2534 χῶπως
711 2454 801 2533 ἀρεῖς

381 2565 438 2641 τήν
461 2562 622 2640 Σώτειραν
645 2563 800 2639 γενναίως

381 2675 418 2752 τῇ
443 2675 538 2752 φωνῇ
562 2671 731 2747 μολμάῑων
754 2672 827 2743 κτλ,

91 2775 169 2841 uibus
199 2781 307 2840 autem
337 2774 442 2858 longis
472 2775 658 2841 solemnitas
686 2780 833 2859 augetur.
866 2819 907 2828 --
937 2774 1109 2859 anapaesti
1140 2773 1199 2837 ad-

91 2888 174 2948 mtnr
203 2882 235 2946 in
265 2881 496 2966 imprecatione
529 2880 662 2946 deorum
692 2883 718 2946 P
748 2883 814 2947 974
844 2883 872 2946 Τ
903 2882 957 2947 39.
1004 2880 1199 2946 conveniunt

91 3011 123 3054 m
146 2988 189 3054 ad
212 2989 263 3053 Αν
288 2987 383 3073 1058,
408 2988 463 3053 ubi
486 3008 564 3054 aves
588 2995 783 3074 potestatem
806 3008 897 3053 suam
920 2986 1057 3053 laudant

381 3094 441 3173 ἤδη
461 3094 528 3171 ’μοὶ
550 3100 595 3180 τῷ
619 3094 783 3178 παντόπτᾳ

382 3201 433 3264 καὶ
455 3204 620 3285 παντάρχᾳ
644 3202 753 3281 θνητοὶ
776 3203 893 3278 πάντες

384 3306 523 3370 θόσουσ’
550 3310 613 3371 κτλ.

91 3413 154 3478 ,bus
177 3411 290 3477 solutis
313 3410 493 3494 indignatio
517 3432 629 3477 senum
653 3419 685 3478 et
707 3412 888 3498 pertinacia
903 3413 1070 3479 mulierum
1087 3412 1200 3501 depin-

91 3539 113 3584 ιι
136 3518 174 3586 L.
199 3541 229 3586 v.
253 3519 319 3584 482

240 3627 291 3705 ἐφ’
319 3625 389 3689 ὅτι
411 3647 445 3690 τε
469 3626 704 3704 μεγαλόπετρον
728 3625 846 3706 ἄβατον
871 3626 1044 3705 ἀκρόπολιν
1065 3632 1130 3694 κτλ.

93 3754 124 3800 ν.
148 3733 214 3797 546
237 3734 282 3797 ἔνι
306 3735 430 3811 θράσος
453 3734 498 3797 ἔνι
522 3735 617 3798 δὲτὸ
641 3735 751 3813 σοφὸν
774 3734 819 3798 ἔνι
843 3734 1011 3815 φιλόπολις
1034 3739 1096 3800 κτλ.

90 3839 175 3904 iliter
208 3839 259 3905 Αν
296 3840 378 3924 327,
419 3827 474 3904 ubi
514 3840 642 3906 arsibus
677 3840 790 3905 solutis
825 3839 919 3904 timor
941 3846 990 3904 et
1023 3841 1199 3926 trepidatio

91 3969 148 4033 um,
172 3967 256 4030 quae
286 3947 327 4013 ab
356 3967 467 4033 upupa
496 3947 644 4034 proditas
673 3968 709 4014 se
739 3968 811 4015 esse
840 3954 964 4034 putant,
996 3948 1198 4035 depingitur:

94 4055 241 4132 δεδόμεθ
275 4055 392 4120 ἀνόσιοί
428 4057 454 4120 τ’
492 4056 652 4135 ἐπάθομεν
691 4060 753 4121 κτλ.
794 4055 848 4140 (cf.
883 4077 939 4141 pg.
977 4056 1040 4143 18),
1081 4055 1199 4121 deinde

108 4160 149 4226 de
172 4160 313 4244 antiquis
337 4160 445 4226 avium
468 4161 595 4246 legibus
617 4162 774 4247 neglectis
805 4167 904 4245 atque
933 4181 1039 4246 poena
1068 4182 1199 4248 upupae

91 4307 242 4317 .—-—

137 4394 159 4465 ¹)
179 4393 256 4451 Nam
276 4395 319 4451 ste
338 4393 483 4451 traditum
502 4399 557 4450 est.

1092 4496 1111 4550 4
