2798 4980
609 288 808 354 ,ν-

116 477 238 544 victum
263 480 466 566 adhortatur,
491 491 525 548 ut
548 483 613 547 tilio
638 483 806 566 concedat,
832 489 863 547 et
880 481 1055 566 Bdelycleo
1074 481 1293 546 beatissimam

116 585 201 672 patri
230 587 333 653 vitam
362 589 521 673 proponit.
568 590 596 652 L
620 589 685 653 964
709 589 853 654 Oinesias
881 609 902 652 a
929 587 1117 653 mulieribus
1145 588 1293 672 repulsus

119 695 274 780 queritur,
299 697 416 761 chorus
440 715 551 760 senum
582 716 653 759 eum
683 695 901 781 reprehendit,
932 695 1050 760 deinde
1072 694 1291 760 Lacedaemo-

118 802 243 867 niorum
279 804 407 887 legatus
441 803 473 867 in
509 823 639 868 scenam
673 802 781 887 prodit
816 809 848 867 et
879 823 931 868 res
966 822 1061 887 porro
1097 797 1213 885 agitur.
1247 842 1291 849 -

118 930 251 995 prorsus
275 930 327 976 res
351 910 480 993 agenda
508 909 644 990 quiescit
673 909 714 975 iis
743 909 832 994 locis,
863 909 918 974 ubi
949 909 1093 974 carmina
1122 909 1226 993 lyrica
1249 929 1291 973 ex

119 1026 309 1101 argumento
345 1017 476 1082 fabulae
510 1016 694 1081 necessaria
732 1023 806 1081 sunt
845 1023 942 1098 atquc
976 1016 1050 1100 ipsa
1084 1035 1188 1100 paene
1223 1036 1291 1080 rern

118 1125 282 1208 agendam
307 1125 458 1208 efficiunt,
484 1123 627 1188 carmina
651 1123 788 1189 sacralia
812 1123 895 1206 dico,
913 1107 1028 1205 quibus
1048 1122 1100 1187 dei
1124 1123 1290 1207 appellan-

118 1239 182 1314 tur,
216 1240 272 1297 aut
303 1252 342 1296 ca
372 1250 455 1314 quae
486 1230 528 1295 ad
553 1250 647 1295 sacra
676 1230 828 1295 facienda
856 1230 1054 1296 accinuntur.
1095 1249 1229 1312 quorum
1256 1229 1290 1293 in
1335 1267 1339 1273 ·

116 1360 252 1405 numero
275 1339 412 1424 primurn
435 1339 540 1402 locum
557 1337 680 1402 obtinet
695 1338 858 1401 Ranarum
875 1337 1026 1422 parodus,
1045 1357 1110 1418 qua
1124 1336 1291 1403 Eleusinia

117 1453 218 1530 poeta
241 1446 394 1528 imitatur,
419 1444 537 1510 deinde
561 1446 588 1508 Τ
613 1446 688 1528 949,
713 1443 829 1525 quibus
853 1443 1048 1509 carminibus
1072 1443 1165 1523 ὄργια
1187 1446 1290 1520 σεμνὰ

119 1559 164 1637 (ν.
189 1555 253 1618 947
278 1559 339 1634 sq.)
364 1552 532 1616 mulierum
560 1552 771 1616 continentur.
818 1559 989 1636 praeterea
1017 1550 1089 1616 aliis
1115 1549 1208 1635 locis,
1234 1550 1290 1614 ubi

116 1660 308 1745 imprecatio
333 1658 465 1724 deorum
489 1657 690 1722 intercedere
715 1657 865 1740 debebat,
894 1659 1038 1722 carmina
1066 1656 1170 1742 lyrica
1197 1656 1288 1721 adhi-

117 1768 188 1832 bita
209 1767 423 1833 inveniuntur.
467 1767 577 1830 Γ1312
594 1772 626 1828 61
645 1765 1091 1849 352Thesn10phorianusae,
1115 1771 1288 1845 antequam

117 1874 253 1939 consilia
277 1874 396 1957 ineunt,
421 1872 500 1938 deos
525 1892 658 1957 superos
682 1873 899 1957 imprecantur
923 1873 1091 1950 ἐκκλησίαν
1118 1874 1213 1950 τήνδε
1236 1873 1288 1934 καὶ

117 1983 261 2046 σύνοδον
288 1984 346 2059 τὴν
372 1985 429 2044 νῦν
458 1981 610 2044 κάλλιστα
643 1982 693 2044 καὶ
722 1980 837 2058 ἄριστα
865 1985 1011 2063 ποιῆσαι;
1040 2000 1114 2043 narn
1142 1977 1195 2042 hic
1218 1998 1288 2042 mos

116 2094 198 2153 erat.
245 2086 390 2152 similiter
424 2088 453 2151 V
484 2087 548 2151 868
582 2094 656 2150 ante
687 2085 842 2150 iudicium
874 2084 905 2149 in
942 2081 1037 2151 domo
1072 2084 1288 2150 Philoclecnis

116 2193 302 2259 habendum
326 2192 441 2257 chorus
464 2212 579 2276 preces
601 2193 690 2275 facit,
715 2191 774 2256 etsi
799 2191 860 2256 hoc
884 2191 961 2255 nihil
985 2191 1029 2256 ad
1048 2191 1200 2256 iudicium
1216 2212 1288 2276 per-

114 2301 211 2384 tinct;
236 2294 417 2383 Apollinem
435 2299 525 2362 enim
550 2299 703 2382 appellat,
728 2305 763 2362 ut
786 2298 871 2364 senis
894 2297 1040 2362 insaniae
1063 2297 1240 2364 medeatur.

219 2405 372 2486 Denique
396 2404 469 2468 huic
494 2404 605 2487 generi
629 2424 680 2493 cal
694 2403 836 2468 carmina
863 2403 1080 2469 adscribenda
1103 2423 1174 2469 esse
1197 2411 1287 2489 puto,

114 2512 233 2594 quibus
262 2511 435 2576 vehemens
466 2510 564 2575 animi
594 2510 723 2574 affectio
754 2510 953 2595 exprimitur.
1000 2510 1028 2574 L
1054 2512 1139 2574 1043
1170 2511 1287 2577 chorus

113 2638 227 2684 senum
260 2625 292 2682 et
324 2617 441 2682 chorus
465 2617 633 2681 mulierum
656 2636 771 2701 pacem
802 2616 921 2681 factam
954 2617 1095 2681 carmine
1128 2618 1287 2682 communi

112 2725 290 2806 celebrant,
315 2744 354 2788 ac
378 2743 482 2808 paene
506 2743 571 2787 una
595 2723 656 2787 hac
680 2723 804 2786 ratione
828 2722 897 2786 fieri
920 2722 981 2787 hoc
1014 2743 1110 2808 posse
1142 2724 1285 2808 videtur,

112 2831 235 2916 optime
259 2837 366 2895 autem
382 2830 444 2895 hcc
461 2830 602 2895 carmine
625 2830 751 2895 laetitia
773 2830 948 2895 iocantium
965 2830 1168 2916 describitur.
1209 2831 1286 2895 item

112 2938 155 3003 de
178 2939 229 3003 Αν
254 2938 316 3002 621
342 2936 550 3001 iudicandum
574 2944 632 3020 est,
657 2936 712 3000 uhi
736 2936 852 3001 chorus
876 2957 1000 3001 summa
1029 2937 1153 3002 laetitia
1180 2939 1284 3002 exsul-

111 3053 187 3110 tans
202 3044 343 3109 ccnsiliis
357 3043 551 3108 Pisthetaeri
567 3043 726 3128 adstrepit
743 3049 775 3108 ct
791 3050 877 3108 totus
897 3043 943 3107 illi
962 3063 997 3108 se
1018 3043 1117 3108 tradit
1134 3049 1176 3128 (v.
1195 3046 1285 3130 628),

111 3152 210 3217 etde
243 3152 303 3233 Eq.
329 3152 403 3235 616,
438 3150 492 3215 ubi
525 3150 651 3234 chorus,
685 3157 856 3234 postquam
888 3151 1098 3232 Agoracritus
1131 3151 1234 3216 victor
1268 3172 1285 3216 e

111 3260 205 3324 curia
228 3257 334 3342 rediit,
359 3257 479 3341 gaudio
504 3256 704 3341 triumphans
733 3263 776 3340 (ν.
803 3258 880 3341 616)
912 3257 999 3340 illum
1024 3257 1224 3341 adhortatur,
1250 3265 1286 3322 ut

110 3365 258 3450 pluribus
282 3364 388 3429 verbis
411 3363 579 3429 victoriam
604 3383 695 3428 suam
720 3371 855 3431 enarret.
894 3364 1013 3430 assumi
1037 3365 1134 3429 etiam
1150 3374 1286 3449 possunt

110 3472 257 3536 carmina
280 3473 331 3536 Αν
358 3471 613 3554 118821262,
638 3490 771 3551 quorum
802 3469 862 3536 hoc
891 3471 1047 3535 laetitiam
1076 3470 1157 3535 illud
1187 3472 1284 3556 trepi-

110 3578 275 3644 dationem
308 3597 387 3662 prae
420 3597 455 3642 se
488 3577 550 3641 tert
583 3577 640 3660 (ad
663 3583 832 3659 utrumque
860 3597 936 3643 vero
967 3576 1106 3643 dochmii
1137 3578 1285 3643 omnibus

108 3704 215 3770 paene
239 3684 343 3766 longis
363 3683 477 3749 solutis
498 3683 618 3768 optime
635 3682 852 3768 conveniunt),
877 3684 1044 3767 61Α666,
1069 3684 1124 3748 ubi
1147 3685 1284 3749 alterurn

111 3791 343 3856 hemichorium
375 3790 489 3856 timore
524 3789 729 3875 perterritum
752 3789 908 3855 Lamachi
936 3789 1092 3855 auxilium
1121 3790 1283 3875 implorat.

110 3906 143 3964 et
166 3898 286 3983 Peto,
312 3897 366 3961 ubi
390 3896 431 3961 dc
455 3916 538 3980 pace
561 3897 671 3961 futura
695 3897 811 3962 chorus
834 3895 967 3978 gaudet.
996 3896 1157 3962 accedunt
1172 3918 1284 3963 omnes

108 4024 214 4090 paene
238 4002 419 4087 monodiae,
445 4009 615 4095 quaeant
638 4002 859 4085 conquestioni
889 4011 945 4068 aut
974 4003 1119 4069 laetitiae
1150 4010 1208 4069 aut
1236 4005 1284 4068 in-

108 4109 274 4179 vocationi
298 4108 528 4193 exprimendae
551 4107 738 4176 inserviunt.
