2798 4980
585 287 806 351 -42-

594 535 635 600 lle
660 534 793 601 creticis.

218 670 394 737 Trochaeis
417 672 529 736 affines
554 691 625 736 esse
656 671 790 737 creticos
821 671 900 737 satis
927 672 992 738 iam
1016 680 1163 759 apparet.
1201 696 1266 758 quo-

110 778 205 843 modo
229 777 261 841 hi
284 777 418 861 numeri,
444 797 523 859 quos
547 797 564 842 e
587 776 689 842 sacris
712 776 839 861 hymnis
863 777 1029 863 Delphicis
1058 800 1161 865 nuper
1183 803 1268 848 accu-

110 884 211 949 ratius
246 886 455 967 cognovimus
489 885 559 948 ‘usu
594 883 686 965 quasi
721 890 961 949 contererentur
995 891 1093 968 atque
1131 888 1271 971 vulgaria

110 991 226 1056 sensim
250 996 282 1055 et
306 989 438 1054 humilia
461 990 574 1055 fierent
597 1009 681 1072 quae
705 990 779 1054 olim
801 990 916 1073 gravia
946 998 978 1056 et
1011 992 1081 1058 deis
1104 993 1182 1078 ipsis
1204 1015 1274 1061 con-

110 1097 272 1163 venientia
295 1098 374 1162 visa
389 1098 505 1162 essent'
531 1097 605 1162 Wil.
630 1095 820 1181 exposuit¹).
868 1097 925 1162 sed
957 1118 1054 1164 verae
1078 1106 1176 1182 atque
1199 1103 1276 1166 anti-

111 1223 194 1286 quae
225 1209 361 1267 naturae
394 1201 516 1284 aliquid
549 1222 675 1287 semper
705 1209 930 1287 servaverunt3
963 1224 1038 1269 nam
1069 1205 1149 1271 satis
1183 1207 1278 1272 vehe-

109 1315 231 1375 menter
254 1329 382 1393 semper
411 1315 525 1374 sonant
549 1309 647 1373 etiam
677 1310 709 1372 in
740 1308 923 1394 comoedia,
948 1311 1034 1392 qnod
1056 1311 1175 1376 arsium
1206 1332 1281 1378 con-

110 1437 204 1482 cursu
239 1417 385 1483 efficitur.
440 1424 536 1498 atque
572 1437 609 1481 eo
644 1417 844 1501 potissimum
879 1418 950 1482 loco
985 1415 1188 1501 adhibentur,
1224 1419 1285 1487 ubi

109 1524 230 1589 maiore
254 1523 285 1588 vi
309 1523 408 1588 utitur
431 1531 538 1608 poeta,
562 1523 594 1587 in
618 1517 745 1608 parodo¹
766 1531 863 1606 atque
886 1531 963 1608 tum,
989 1543 1061 1587 cum
1084 1523 1133 1588 ira
1155 1523 1284 1591 inflam-

109 1638 228 1704 matus>
248 1637 280 1696 et
313 1629 489 1696 ulciscendi
522 1630 748 1715 cupidissimus
782 1630 897 1696 chorus
927 1630 1051 1696 hostem
1082 1629 1176 1712 quasi
1208 1651 1285 1716 per-

109 1757 245 1819 sequens
277 1737 309 1801 in
342 1757 471 1802 scenam
503 1737 639 1823 proruit,
672 1737 702 1801 Α
733 1737 783 1819 Eq
815 1737 866 1802 Av
897 1736 936 1803 L.
960 1742 1097 1819 augetur
1125 1736 1207 1802 haec
1229 1739 1283 1808 vis

109 1844 211 1908 altera
241 1843 306 1908 arsi
336 1843 450 1928 soluta,
483 1862 546 1925 qua
576 1863 610 1907 re
641 1842 802 1929 cupiditas
830 1843 1044 1928 persequendi
1075 1843 1194 1928 optime
1224 1843 1280 1912 de-

109 1951 260 2038 pingitur,
284 1951 373 2016 velut
396 1952 434 2017 Α.
459 1972 488 2016 v.
513 1950 579 2014 230
602 1969 648 2031 sq.

237 2086 313 2149 κούκ
337 2085 448 2164 ἀνήσω
471 2085 545 2162 πρὶν
569 2083 608 2148 ἂν
631 2086 762 2162 σχοῖνος
785 2086 929 2148 αὐτοῖσιν
954 2084 1142 2163 ἀντεμπαγῶ
1214 2104 1217 2113 ·

238 2194 312 2270 ὀξὺς
336 2191 494 2269 ὀδυνηρὸς
518 2195 539 2274 's
562 2190 731 2266 ἐπίκωπος,
753 2188 837 2272 ἵνα’)

237 2301 356 2377 μήποτε
379 2301 524 2361 πατῶσιν
549 2297 592 2360 ἔτι
616 2297 673 2373 τὰς
696 2297 775 2374 ἐμὰς
798 2296 966 2374 ἀμπέλους.

215 2448 343 2525 Cretici,
368 2447 483 2530 quibus
506 2447 639 2529 antiqua
670 2447 838 2512 comoedia
867 2447 1051 2513 abundasse
1082 2448 1220 2532 videtur,
1242 2452 1270 2514 in

107 2555 267 2640 prioribus
304 2554 423 2619 fabulis
461 2553 635 2619 admodum
668 2554 852 2636 frequentes
891 2560 974 2620 sunt.
1022 2554 1139 2619 deinde
1171 2556 1271 2638 magis

107 2663 273 2745 magisque
297 2667 502 2745 evanescunt,
526 2660 573 2726 ita
596 2666 631 2724 ut
653 2659 846 2744 posteriores
869 2659 999 2725 fabulae
1023 2661 1119 2746 plane
1143 2669 1272 2726 careant

109 2767 157 2833 his
174 2768 322 2835 numeris.
347 2767 379 2831 in
395 2765 667 2850 Acharnensibus‚
686 2765 791 2850 prima
806 2766 927 2850 sabula,
945 2774 1059 2849 quater
1074 2765 1272 2852 reperiuntur

108 2875 185 2958 (208
204 2907 244 2930 --
261 2876 304 2939 23
337 2876 369 2938 in
392 2873 526 2958 parodo‚
550 2873 616 2937 284
639 2903 675 2930 =
698 2871 805 2956 335³),
830 2872 894 2938 665
918 2905 958 2929 --
980 2875 1023 2938 92
1055 2873 1087 2937 in
1110 2873 1271 2958 parabasi‚

107 2982 168 3047 971
190 3013 226 3060 ς
247 2983 288 3047 88
324 2981 356 3045 in
391 2978 544 3065 parabasi
578 2979 800 3063 secundaria);
840 2979 872 3042 in
907 2979 1092 3064 Equitibus‚
1128 2981 1273 3065 proxima

106 3088 227 3173 fabula,
257 3089 355 3153 semel
383 3089 462 3172 (303
486 3089 528 3151 22
546 3119 587 3142 =
604 3087 646 3151 82
671 3088 711 3152 97
746 3087 778 3150 in
811 3086 965 3171 parodo);
996 3086 1073 3151 item
1103 3086 1135 3151 in
1159 3087 1273 3171 Vespis

107 3200 150 3279 (ν.
174 3195 241 3259 410
264 3215 333 3277 sqq.
351 3227 392 3250 =
418 3194 459 3258 68
484 3198 583 3276 sqq.);
614 3193 820 3276 singulariter
843 3193 875 3257 in
899 3192 1023 3258 Avibus
1046 3198 1090 3277 (v.
1114 3195 1179 3258 333
1204 3213 1272 3276 sqq.

108 3331 144 3358 =
163 3301 206 3364 49
231 3321 300 3383 sqq.
325 3293 357 3364 in
381 3299 529 3386 parodo)‚
554 3300 608 3364 ubi
632 3300 804 3383 singularis
834 3319 962 3382 quoque
992 3301 1096 3365 forma
1125 3303 1272 3390 occurrit,

213 3533 235 3599 1)
254 3532 322 3587 Wil.
342 3547 446 3586 comm.
466 3539 550 3589 metr.
570 3534 584 3587 I
602 3551 653 3604 pg.
672 3533 750 3609 7¹sq.

213 3621 235 3688 ²)
255 3620 327 3675 Post
346 3622 489 3687 ὀδυνηρὸς
514 3624 625 3676 lacuna
652 3625 798 3690 quattuor
824 3621 1007 3689 syllabarum
1034 3621 1098 3674 hiat
1124 3627 1153 3675 et
1178 3621 1286 3676 adiec—

107 3711 202 3762 tivum
222 3709 356 3763 eiusdem
376 3712 497 3779 generis
516 3715 547 3764 et
567 3725 658 3764 sonus
679 3708 826 3762 excidisse
845 3709 1092 3763 verisimillimum
1111 3713 1166 3765 est.

212 3797 234 3864 3)
254 3797 288 3850 V.
309 3798 360 3850 338
380 3798 447 3850 libri
465 3800 613 3867 praebent
632 3797 701 3850 ἀλλὰ
720 3802 772 3849 νῦν
786 3795 840 3861 λέγ’
860 3797 884 3849 εἴ
901 3796 946 3849 τοί
960 3797 1131 3867 (Blaydesio
1152 3798 1286 3867 quiderm

106 3887 194 3953 teste)
224 3900 268 3938 σοι
297 3888 381 3948 δοκεῖ,
409 3887 462 3938 τόν
489 3903 521 3939 τε
553 3886 772 3950 Λακεδαιμόνιον
800 3885 889 3937 αὺτὸν
917 3887 960 3938 ὅτι
988 3891 1029 3954 τῷ
1055 3887 1154 3954 τρόπῳ
1172 3887 1282 3942 σούστὶ

106 3975 188 4040 φίλος
211 3968 268 4044 (Β).
304 3975 365 4028 νυνὶ
400 3991 455 4029 scr.
485 3974 653 4028 Elmsleius
687 3974 846 4027 offendunt
872 3974 966 4027 verba
995 3989 1074 4043 quae
1102 3980 1282 4043 sequuntur

107 4065 182 4128 „iam
202 4064 293 4131 dicas,
313 4065 337 4117 si
357 4065 411 4117 tibi
430 4064 537 4133 placet,
556 4063 654 4132 ipsum
667 4061 941 4117 Lacedaemonium
960 4067 1089 4117 naturae
1109 4068 1181 4118 tu'ae
1200 4066 1275 4118 anri—

105 4168 174 4205 cum
193 4153 285 4206 essc.“
306 4168 406 4221 neque
426 4152 505 4204 eninr
525 4150 581 4204 hoc
594 4151 785 4220 Dicaeopolis
799 4155 889 4205 antea
903 4151 1039 4206 dicturus
1053 4158 1127 4220 erat,
1145 4152 1198 4206 sed
1210 4169 1273 4222 quo

66 4259 70 4264 ·
105 4244 193 4311 pacto
214 4256 282 4295 eum
301 4240 550 4294 Lacedaemoniis
570 4231 818 4305 foedusfecisset
837 4240 885 4306 (cf.
904 4257 932 4293 v.
952 4239 1012 4293 292.
1032 4239 1104 4302 306).
1143 4242 1269 4297 scriben-

106 4331 177 4384 dum
196 4331 290 4400 igitur
310 4335 356 4383 est
375 4345 442 4382 cum
463 4329 599 4382 Kaibelio
620 4329 671 4397 οἵῳ
691 4330 791 4397 τρόπῳ
812 4328 911 4382 σούστὶ
937 4329 1026 4395 φίλος.
1054 4360 1086 4367 -
1110 4330 1163 4384 sed
1188 4332 1269 4386 aliud
