2798 4980
649 344 871 410 -36-

177 538 231 604 ubi
255 538 340 621 quod
365 540 428 604 iam
451 540 484 604 in
507 560 546 604 eo
570 545 629 624 est,
653 547 687 605 ut
711 539 788 604 Cleo
812 540 853 605 ab
879 539 1070 623 Agoracrito
1093 538 1250 623 perfidiae
1275 558 1340 603 eon-

175 645 279 712 victus
302 646 397 710 domo
421 647 564 732 eiciatur,
589 648 713 729 equites
736 646 890 731 gaudent.
916 685 957 695 -
982 646 1099 711 brevia·
1117 645 1341 732 acephalorum

174 751 319 816 membra
342 773 406 817 una
430 772 502 817 oum
525 754 681 818 varietate
705 753 935 837 glyconeorum
959 751 1014 834 qui
1037 753 1167 837 proprie
1198 751 1342 818 dicuntur

175 860 317 943 perbene
352 859 394 925 atl
430 859 677 945 trepidationem
713 859 977 941 conquerentium
1016 865 1095 943 apta
1129 865 1218 942 sunt,
1258 859 1342 924 velut

176 965 205 1029 V
229 965 304 1046 317,
328 965 383 1029 ubi
406 964 568 1029 Philocleo
588 986 608 1029 a
630 965 695 1029 filio
720 964 806 1029 domi
829 970 972 1030 retentus
995 963 1115 1029 frustra
1136 963 1226 1029 exire
1248 965 1344 1048 eupit.

175 1071 272 1134 etiarn
296 1070 436 1135 liberiori
459 1070 602 1137 laetitiae
626 1070 853 1155 depingendae
877 1070 996 1155 optime
1020 1069 1197 1135 inserviunt
1221 1070 1254 1134 in
1279 1090 1344 1135 ear·

174 1177 313 1242 minibus
347 1176 543 1262 nuptialibus
567 1177 618 1242 Au
649 1178 783 1242 173112
810 1179 910 1260 13293
942 1196 1045 1259 eaque
1075 1176 1148 1261 ipsa
1178 1177 1219 1241 de
1247 1196 1345 1243 causa

173 1283 328 1367 nympbio
351 1303 479 1365 quoque
501 1282 665 1348 laudando
689 1284 772 1348 bene
796 1284 989 1349 conveniunt
1009 1285 1036 1348 P
1053 1284 1118 1350 856
1135 1293 1167 1350 et
1190 1284 1344 1350 lusciniae

175 1389 366 1454 salutandae
389 1391 439 1453 Αν
463 1390 537 1474 676,
562 1388 648 1472 quod
672 1410 800 1454 carmen
831 1390 1028 1476 nuptialibus
1059 1391 1122 1456 illis
1152 1391 1345 1457 simillimum

175 1503 234 1562 est.
264 1536 296 1545 -
325 1496 502 1580 glyconeus
534 1496 849 1581 polyscbematistus‚
881 1517 952 1561 cum
976 1498 1048 1563 basi
1079 1505 1189 1562 careat
1219 1504 1252 1563 et
1285 1504 1346 1562 tro-

175 1602 284 1666 chaeis
308 1602 459 1686 dactylus
481 1624 545 1667 non
568 1604 756 1688 intercedat,
782 1626 801 1669 a
818 1605 976 1670 varietate
992 1612 1024 1670 et
1039 1606 1217 1671 mobilitate
1233 1626 1345 1672 versus

174 1708 323 1792 glyconei
347 1708 400 1790 qui
431 1711 559 1794 proprie
590 1710 707 1775 dieitur
737 1711 889 1775 abhorret
920 1711 1127 1794 severiusque
1158 1720 1190 1778 et
1213 1714 1345 1796 gravius

175 1823 268 1880 sonat
285 1816 379 1899 (inter
400 1815 549 1900 dactylos
573 1817 712 1882 occurrit
736 1818 944 1883 catalecticus
961 1819 1002 1886 N.
1019 1841 1049 1892 u.
1067 1821 1133 1884 286
1150 1823 1345 1899 μαρμαρέαις

175 1924 209 1987 έν
229 1923 340 1999 αὐγαῖς
359 1954 394 1981 --
414 1924 480 1988 310
495 1929 714 2002 παντοδαπαῖς
735 1926 769 1989 έν
790 1926 906 2004 ὥραις;
930 1925 1016 1990 idern
1041 1933 1089 1991 ter
1113 1911 1205 1991 iuxta
1221 1927 1344 2011 positus

173 2030 210 2093 Ρ.
226 2051 256 2094 τ.
275 2030 427 2094 784-86
444 2030 515 2109 μήθ’
531 2032 670 2096 ὑπάκουε
687 2031 754 2110 μήτ’
778 2033 812 2095 έλ
823 2037 829 2094 Ι
842 2038 901 2115 θῃς
925 2035 1088 2112 ξυνέριθος
1105 2038 1223 2113 αὐτοῖς,
1240 2039 1247 2097 l
1267 2034 1345 2098 ἀλλὰ

172 2136 278 2212 νόμιζε
302 2136 422 2212 πάντας
440 2141 445 2198 Ι
464 2135 601 2215 ὄρτυγας
624 2137 796 2215 οἰκογενεῖς
819 2142 882 2202 κτλ.
903 2171 944 2194 =
970 2139 1125 2224 806-8).
1172 2141 1284 2222 itaque
1314 2141 1345 2204 iu

172 2241 427 2307 invocationibus
449 2241 537 2306 haud
561 2245 669 2328 inepte
698 2265 717 2308 a
740 2250 838 2328 poeta
865 2244 1051 2328 adhibetur,
1083 2246 1171 2311 velut
1198 2247 1249 2328 Eq
1280 2248 1341 2312 551

169 2348 248 2410 ‘ium'
272 2347 350 2413 ἄναξ
373 2347 536 2413 Πόσειδον
560 2351 585 2432 ᾧ
610 2354 671 2414 κτλ.
696 2350 807 2415 11563
831 2352 1028 2429 ὑψιμέδοντα
1048 2354 1104 2428 μέν
1129 2356 1213 2416 θεῶν
1230 2357 1236 2414 Ι
1255 2353 1344 2432 Ζῆνα

175 2458 237 2518 κτλ.
283 2456 311 2519 Τ
338 2456 422 2518 1136
444 2455 600 2519 Παλλάδα
623 2459 680 2534 τὴν
704 2458 879 2536 φιλόχορον
910 2458 979 2534 ἐμοί
1003 2461 1076 2532 κτλ,
1108 2457 1162 2539 qui
1193 2458 1344 2544 glyconei

174 2560 466 2644 polysobematisti,
502 2581 573 2624 eum
608 2561 758 2646 dactylus
798 2563 943 2628 omnibus
982 2563 1061 2628 locis
1095 2564 1256 2631 admissus
1293 2567 1342 2651 sit,

175 2666 320 2749 proximo
337 2666 379 2730 ad
398 2687 500 2749 genus
517 2667 711 2752 dactylicum
729 2668 897 2754 accedunt,
914 2670 960 2734 ita
981 2678 1016 2735 ut
1034 2671 1186 2735 nonnulla
1201 2674 1341 2738 membra

175 2774 316 2857 speciem
350 2774 465 2856 integri
500 2794 612 2839 versus
648 2774 800 2861 dactylici
836 2777 1024 2861 praebeant.
1071 2784 1169 2859 atque
1206 2785 1336 2862 augetu'

174 2880 319 2963 gravitas
342 2880 495 2946 immixtis
518 2882 606 2965 puris
630 2883 775 2948 versibus
799 2882 978 2968 dactylicis.

645 3081 686 3145 lle
710 3079 866 3146 docbmiis.

281 3198 400 3264 lambis
435 3199 547 3264 affines
586 3200 683 3264 etiam
720 3207 794 3265 sunt
833 3200 983 3286 dochmfi,
1023 3222 1158 3285 quorum
1192 3205 1282 3269 ‘radit

174 3305 329 3370 aeolicum
354 3305 432 3370 essc’
454 3305 528 3373 Wil.
550 3306 755 3396 coutendit¹).
797 3327 869 3371 eum
893 3308 1008 3374 iambis
1033 3309 1241 3393 exceptieiis
1264 3310 1281 3372 b

174 3432 255 3494 quos
271 3434 325 3497 pg.
341 3415 381 3476 21
401 3432 448 3495 sq.
465 3413 568 3497 attuli,
587 3414 821 3494 coniunguntur
837 3414 864 3478 Α
878 3415 953 3497 490,
971 3415 1025 3479 ubi
1042 3415 1188 3496 quaterni
1205 3415 1280 3480 docl

175 3520 411 3603 amplectuutur
434 3522 454 3583 2
478 3519 638 3585 trimetros
662 3520 827 3605 iambicos,

408 3645 436 3708 τί
461 3645 608 3723 δράσεις;
633 3646 660 3708 τί
685 3647 817 3724 φήσεις;
843 3643 909 3709 ἀλλ’
932 3644 998 3708 ἴσθι
1022 3667 1079 3709 νυν

411 3751 621 3832 ἀναίσχυντος
645 3753 691 3816 ὢν
714 3750 869 3830 σιδηροῦς
892 3751 917 3816 τ’
942 3753 1031 3832 ἀνήρ,

409 3858 499 3936 ὅστις
522 3861 698 3938 παρασχὼν
721 3865 757 3942 τῇ
781 3858 870 3922 πόλει
894 3861 950 3922 τὸν
974 3860 1090 3937 αὐχένα

410 3964 509 4028 ἅπασι
535 3967 656 4043 μέλλεις
680 3963 725 4041 εἷς
748 3966 849 4040 λέγειν
872 3964 1031 4028 τάναντία.

409 4070 489 4150 ἁνὴρ
513 4078 552 4135 οὐ
575 4073 678 4150 τρέμει
703 4073 739 4134 τὸ
762 4071 887 4149 πρᾶγμ’.
912 4066 961 4134 εἶά
984 4092 1050 4145 νυν,

410 4180 577 4258 ἐπειδήπερ
601 4179 698 4255 αὐτὸς
721 4178 809 4256 αἱρεῖ,
835 4180 914 4253 λέγε.

281 4392 304 4459 1)
324 4390 435 4448 Comm.
455 4397 540 4447 metr.
561 4392 589 4445 11
608 4409 658 4464 pg.
678 4391 723 4445 29.
