2798 4980
597 267 819 332 ..37-

227 459 388 545 Dochmii‚
421 482 492 525 cum
523 462 619 546 plane
647 483 667 525 a
698 460 866 543 comoedia
896 460 991 525 alieni
1021 460 1093 543 sint,
1124 460 1293 545 parodiarn

120 585 248 651 semper
271 566 426 633 indicant.
472 568 581 649 itaque
605 567 637 631 in
661 566 812 632 monodia
836 567 955 651 optime
980 565 1183 650 adhibentur,
1204 567 1294 632 velut

118 673 180 738 Av.
205 695 236 739 v.
261 675 327 738 ‘234
351 674 415 737 ὅσα
438 674 462 738 τ’
487 675 521 738 ἐν
544 673 632 737 ἄλοκι
658 661 744 751 capu
767 695 796 738 v.
814 673 879 738 236
904 674 1046 756 ἡδομένᾳ
1063 679 1167 756 φωνᾷ,
1194 681 1293 754 atque

120 779 154 843 in
176 779 216 844 iis
240 780 444 863 carminibus,
477 780 592 862 quibus
624 780 780 845 severitas
805 779 965 861 quaedam
990 785 1046 843 aut
1076 778 1173 843 animi
1197 779 1293 843 vehe-

120 893 244 952 menter
268 887 417 952 eommoti
442 886 672 971 exprimuntur,
697 886 931 969 volutasse,
955 884 1010 950 ubi
1034 886 1169 949 alterum
1193 883 1292 948 hemi-

123 993 264 1058 chorium
289 1012 478 1078 oppressum
502 992 657 1057 Lamachi
682 992 836 1056 auxilium
859 993 1008 1076 implorat

380 1119 417 1182 ἰὼ
442 1117 562 1197 Λάμαχ’
587 1119 613 1181 ὦ
638 1119 761 1196 βλέπων
786 1117 953 1195 ἀστραπὰς

381 1227 546 1304 βοήθησον
569 1226 595 1288 ὦ
619 1227 808 1306 γοργολόφα
832 1227 946 1306 φανεὶς
968 1228 1032 1290 κτλ.

121 1353 170 1416 Αν
196 1351 280 1415 1188
300 1382 336 1409 .-.
358 1350 453 1433 1263,
478 1348 532 1413 ubi
562 1347 595 1411 in
626 1347 690 1412 oda
717 1348 860 1433 periculo
885 1348 960 1412 belli
991 1346 1183 1411 imminentis
1214 1367 1292 1412 aves

117 1457 311 1542 perterritae
342 1462 415 1522 sunt
439 1461 549 1540 (atque
578 1454 704 1520 arsibus
728 1474 827 1538 saepe
858 1453 969 1519 solutis
993 1473 1042 1517 eo·
1059 1453 1163 1535 magis
1193 1453 1291 1537 trepi-

116 1563 209 1628 datio
235 1563 432 1648 depingitur)

302 1688 441 1765 πόλεμος
464 1685 583 1764 αἴρεται
606 1686 746 1764 πόλεμος
769 1688 807 1749 οὐ
831 1688 936 1766 φατὸς

301 1796 383 1873 πρὸς
407 1794 461 1870 ἐμὲ
484 1794 534 1856 καὶ
560 1793 662 1870 θεούς.
687 1793 767 1856 ἀλλὰ
791 1795 929 1873 φύλαττε
952 1799 1016 1871 πᾶς

303 1876 381 1979 ἀέρα
404 1900 622 1979 περινέφελον,
647 1899 685 1964 ὃν
703 1899 837 1978 Ἔρεβος
861 1900 981 1963 ἐτέκετο
1006 1903 1078 1974 κτλ,

106 2026 150 2086 in
186 2022 309 2089 antoda
347 2024 490 2108 periculo
527 2045 700 2110 suppresso
738 2025 891 2108 gaudent.
926 2064 963 2074 -
997 2024 1197 2110 lepidissima
1233 2046 1290 2109 pa-

108 2131 211 2196 rodia
243 2138 351 2197 exstat
382 2134 411 2198 A
444 2135 518 2200 385.
564 2155 638 2198 nam
675 2133 718 2199 ad
753 2134 1012 2220 praeparandam
1045 2152 1173 2197 scenam
1207 2151 1290 2213 quae

109 2240 277 2323 sequitur,
317 2260 382 2321 qua
419 2240 625 2326 Dicaeopclis
661 2241 849 2327 Euripidem
891 2240 976 2325 adit,
1018 2247 1052 2304 ut
1092 2244 1291 2324 spectatores

114 2365 159 2409 ex
190 2343 268 2430 ipsis
300 2347 448 2431 numeris,
480 2346 521 2412 de
552 2348 667 2429 quibus
697 2332 806 2433 paullo
837 2354 911 2412 ante
943 2347 1034 2432 (358)
1068 2344 1291 2430 obstipuerant

113 2451 264 2536 fortasse,
288 2451 369 2536 iam,
399 2473 470 2517 cum
493 2475 524 2518 v.
549 2454 613 2518 383
638 2473 708 2535 sqq.
733 2453 910 2538 audierint,
936 2452 1055 2519 omissa
1077 2449 1290 2516 admiratione

118 2557 196 2640 quid
220 2559 297 2623 velit
321 2568 418 2643 poeta
442 2559 586 2625 divinent
610 2580 649 2625 ac
672 2567 837 2643 tamquam
854 2581 895 2624 ex
919 2559 1094 2643 longinquo
1111 2557 1290 2642 Telephum

78 2719 84 2726 .
117 2664 182 2728 iarn
206 2664 355 2750 sentiant,
381 2674 552 2748 antequam
576 2667 764 2751 nominetur,
795 2654 852 2732 ho‘s
877 2665 1043 2731 dochmios
1071 2686 1091 2729 a
1113 2670 1211 2749 poeta
1234 2662 1290 2728 ad-

117 2769 236 2836 hibitos
266 2790 337 2836 esse
372 2771 448 2836 mihi
482 2771 612 2855 quidem
635 2793 824 2857 persuasum
848 2778 906 2839 est.
954 2771 1131 2855 eodemque
1154 2770 1290 2835 redeunt

118 2877 182 2942 358
207 2883 238 2941 et
261 2878 337 2942 490.
384 2898 458 2942 nam
488 2877 644 2944 dochmiis
668 2879 815 2962 ingentes
841 2877 977 2963 Telephi
1007 2878 1172 2962 Mysomm
1202 2877 1289 2960 regis

118 2981 363 3048 lamentationes
392 2982 424 3046 in
448 2983 625 3069 Euripidea
656 2984 767 3049 fabula
798 2983 993 3068 compositas
1016 2983 1131 3068 fuisse,
1163 2983 1288 3048 etiamsi

117 3088 203 3153 nullo
237 3094 319 3154 teste
354 3090 608 3175 confirmaretur,
643 3111 683 3155 ex
715 3090 778 3156 hae
809 3090 1035 3175 Aristophanis
1067 3091 1177 3155 sabula
1209 3089 1288 3155 satis

117 3194 199 3259 hene
232 3193 429 3262 doceremur.
484 3217 524 3260 ex
557 3195 721 3281 Euripidis
754 3196 900 3281 Telepho
932 3196 1030 3261 etiam
1062 3218 1092 3263 v.
1116 3196 1182 3261 496
1217 3216 1287 3277 sqq.

118 3308 261 3386 sumptos
294 3290 365 3367 esse
398 3309 430 3367 et
463 3301 639 3368 scholiasta
671 3302 805 3368 adnotat
836 3309 867 3367 et
897 3302 967 3389 ipse
998 3310 1096 3386 poeta
1126 3303 1288 3387 expressis

116 3407 223 3473 verbis
248 3407 326 3472 dicit
349 3429 379 3474 v.
404 3409 469 3473 555
493 3411 549 3473 τὸν
574 3412 609 3472 δὲ
632 3409 780 3488 Τήλεφον
804 3410 861 3473 οὐκ
885 3409 1055 3488 οἰόμεσθα;
1293 3423 1295 3426 ⁴

585 3645 626 3710 lle
649 3644 813 3710 trochaeis.

224 3762 393 3845 Trochaci‚
426 3763 545 3848 quippe
576 3763 630 3846 qui
660 3763 784 3828 numeri
814 3762 856 3827 ad
884 3762 1098 3827 incedendum
1129 3762 1288 3847 aptissimi

115 3868 187 3954 sint,
213 3890 285 3934 curn
309 3870 390 3936 alias
414 3877 480 3934 turn
504 3871 536 3934 in
559 3870 683 3955 paredo
707 3877 804 3952 atque
828 3869 933 3935 exodo
957 3869 1168 3954 reperiuntur.
1213 3876 1287 3934 sunt

117 3985 222 4042 autem
245 3978 368 4041 numeri
397 3983 512 4042 natura
536 3998 594 4043 sua
624 3977 745 4042 celeres
777 3985 809 4042 et
839 3977 983 4060 fugaces,
1014 3996 1072 4040 nec
1101 3996 1174 4041 raro
1205 3976 1287 4041 haee

116 4082 269 4149 velocitas
301 4083 427 4149 arsibus
459 4084 571 4150 solutis
595 4090 742 4168 augetur,
773 4083 859 4166 quod
889 4083 1008 4168 optime
1038 4081 1187 4148 convenit
1215 4102 1285 4147 car-

115 4189 349 4274 minturnis,
368 4188 424 4254 ubi
447 4189 564 4257 chorus
587 4189 830 4256 Atheniensium
854 4211 874 4254 a
897 4188 1043 4255 convivio
1067 4189 1170 4255 redux
1187 4189 1286 4255 saltat

115 4303 147 4362 et
178 4301 287 4360 cantat
322 4302 354 4360 et
384 4302 453 4360 tota
486 4302 591 4362 mente
621 4296 764 4361 laetitiae
788 4295 917 4361 deditus
948 4295 1110 4360 Bacchum
1141 4295 1286 4378 aliosque
