2798 4980
667 315 885 381 ...28-

199 563 200 566 ¹
301 513 443 578 lonicum
468 512 606 594 denique
629 508 809 597 putaverim
833 532 963 577 oarmen
986 513 1015 576 V
1038 514 1103 578 273
1121 545 1161 569 =
1179 515 1238 581 82:

344 620 372 683 ri
395 618 464 683 ποτ’
488 625 526 683 οὐ
549 621 611 697 πρὸ
635 624 742 697 θυρῶν
766 618 887 699 φαίνετ’
912 618 961 698 ἄρ’
984 621 1057 698 ἡμῖν
1081 621 1100 683 ὁ
1123 621 1226 700 γέρων

396 723 398 726 ’
451 725 519 791 οὐδ’
542 727 705 802 ὑπακούει;

344 837 412 910 μῶν
436 832 616 896 ἀπολώλεκε
639 819 727 914 τὰς’)
751 833 892 912 ἐμβαδας
915 835 934 911 ἢ
958 832 1134 912 προσέκοψ’
1159 835 1193 898 ἐν

449 946 493 1023 τῷ
517 939 624 1022 σκότῳ
647 941 704 1004 τὸν
727 940 882 1004 δάκτυλόν
905 961 984 1014 που;

236 1035 239 1039 ’
299 1034 301 1038 ⁴
343 1041 395 1110 εἴτ’
420 1046 616 1125 ἐφλέγμηνεν
639 1045 770 1130 αὐτοῦ’)
794 1047 830 1110 τὸ
854 1047 984 1126 σφυρὸν
1006 1048 1157 1131 γέροντος

449 1153 557 1229 ὄντος;
583 1154 632 1216 καί
654 1152 721 1233 τάχ’
746 1154 784 1217 ἂν
809 1156 1003 1237 βουβωνιῴη.

341 1261 360 1338 ἠ
385 1262 447 1338 μήν
470 1260 551 1322 πολὺ
576 1260 765 1338 δριμύτατός
787 1258 816 1335 γ’
838 1261 878 1337 ἠν
900 1265 965 1323 τῶν
988 1261 1062 1341 παρ’
1086 1263 1158 1339 ἡμῖν

449 1367 500 1430 καὶ
523 1364 621 1443 μόνος
645 1371 702 1429 οὐκ
726 1366 766 1430 ἂν
789 1365 928 1441 ἐπείθετ’,
953 1365 1019 1431 ἀλλ’
1043 1367 1132 1431 ὁπότ’

321 1468 323 1472 ”
368 1506 370 1511 =
449 1474 625 1552 ἀντιβολοίη
650 1494 706 1550 τις,
731 1474 815 1538 κάτω
840 1475 965 1538 κύπτων
989 1475 1028 1539 ἂν
1052 1472 1135 1538 οὕτω

446 1582 545 1646 (λίθον
569 1579 665 1660 ἐψειξ
689 1582 803 1658 ἔλεγεν·
828 1580 920 1657 ὕπαγ’
944 1583 970 1645 ὦ
994 1586 1050 1645 παῑ
1073 1579 1182 1656 ὕπαγε.

304 1713 399 1740 UV-
440 1709 747 1739 uw-- uU--
787 1712 920 1739 υυ--
960 1713 1014 1740 υυ

296 1820 432 1848 -υυ-
499 1820 594 1848 υυ-
656 1821 792 1854 ..vu-
835 1821 968 1849 υυ.-..
1001 1820 1136 1847 -υ-..
1172 1817 1307 1844 ..υ--

491 1910 595 1937 ..υ-

348 2322 950 2351 υυ---υ---υ-Αυυ--
1009 2307 1126 2349 ἰι-υ
1177 2338 1203 2345 -
1267 2322 1287 2348 υ

187 2408 236 2466 ter
259 2389 357 2487 igitur
380 2405 503 2471 ionicus
526 2414 559 2470 et
581 2406 764 2490 trochaeus,
788 2405 836 2472 bis
860 2427 1034 2491 suppressa
1058 2405 1211 2487 ouiusque
1235 2404 1363 2488 ultima,

186 2509 270 2575 inter
303 2531 337 2576 se
367 2509 573 2598 respondent.
621 2513 793 2597 singularis
826 2521 874 2579 est
906 2513 1073 2578 anaorusis
1104 2534 1134 2578 v.
1162 2512 1227 2577 278
1246 2543 1287 2566 =
1305 2511 1361 2576 86.

187 2617 304 2700 quodsi
339 2618 620 2705 daolyloepitritos
651 2621 795 2705 plerique
831 2642 940 2686 omnes
975 2619 1212 2703 adgnoverunt,
1246 2620 1364 2683 eontra

187 2721 360 2790 dicendum
385 2733 433 2792 est
460 2727 543 2791 tales
566 2726 695 2808 quidem
719 2746 823 2810 nugas
851 2725 1122 2812 dactyloepitritis
1150 2725 1271 2789 inoludi
1296 2747 1364 2790 non

187 2832 302 2898 solere.
336 2832 525 2917 lepidissimi
542 2853 619 2898 vero
636 2841 709 2899 sunt
724 2833 821 2898 ionioi
837 2833 961 2899 affatim
980 2836 1069 2917 leves
1093 2820 1191 2915 atoue
1206 2832 1361 2923 graciles,

575 3051 616 3115 lle
640 3050 780 3116 versibus
803 3051 967 3134 queoueis.

293 3169 480 3253 Versuum³)
496 3170 724 3255 glyconeorum
740 3169 828 3254 apud
840 3170 1088 3256 Aristophanem
1105 3170 1167 3234 triu
1178 3191 1301 3254 genera
1313 3173 1362 3236 in-

186 3277 369 3360 veniuntur;
395 3276 530 3362 primum
554 3297 667 3343 versus
690 3277 866 3362 glyeoneus
890 3277 945 3360 qui
961 3276 1092 3362 proprie
1116 3276 1241 3362 dieitur,
1266 3279 1362 3345 euius

186 3386 291 3449 forma
314 3383 505 3450 eataleotioa
529 3390 578 3449 est
601 3384 838 3471 pherecrateus,
863 3383 980 3449 deinde
999 3385 1176 3469 glyeoneus
1200 3385 1255 3467 qui
1279 3385 1361 3450 diei:

186 3499 238 3556 tur
262 3492 447 3576 acephalus
472 3491 527 3574 qui
549 3490 642 3556 basin
665 3491 757 3557 unius
782 3491 927 3576 syllabae
950 3491 1018 3556 sive
1034 3491 1141 3556 brevis
1158 3490 1224 3557 sive
1239 3492 1361 3576 longae

186 3597 300 3682 lrabet3
337 3605 499 3682 postremo
537 3597 713 3682 glyeoneus
748 3596 1062 3683 polysohematistus,
1099 3599 1153 3681 qui
1191 3598 1361 3684 dactylum

185 3704 288 3788 primo
312 3705 384 3770 loeo
405 3705 513 3772 habet.
644 3705 645 3708 ’

263 3826 265 3830 ·
293 3811 399 3894 Atque
422 3812 455 3876 in
478 3812 661 3878 universum
685 3810 856 3877 dicendum
880 3817 929 3876 est
952 3810 1011 3876 hos
1025 3811 1201 3895 glyeoneos
1220 3812 1361 3895 siugulis

186 3916 328 4000 periodis
344 3918 462 3982 ineludi
477 3918 533 4003 ita,
551 3925 586 3983 ut
601 3919 743 3983 nonnulli
760 3917 961 3983 acatalectioi
977 3917 1068 3983 iuxta
1083 3925 1252 4003 ponantur,
1267 3920 1361 3984 nulla

292 4118 314 4181 1)
334 4116 506 4188 Respondet
525 4119 556 4171 in
575 4117 764 4186 antistropho
785 4117 931 4170 ἐξαπατῶν
951 4116 995 4169 καί
1014 4118 1105 4182 λέγων
1125 4119 1164 4181 ὼς
1184 4120 1241 4183 φιλ.
1262 4121 1319 4171 κτλ.

292 4206 315 4272 ²)
335 4206 422 4276 Resp.
442 4208 473 4260 in
492 4210 553 4260 ant.
575 4207 619 4259 διὰ
637 4204 716 4259 τοῦτ’
735 4205 885 4271 ὀδυνηθεὶς
905 4208 960 4258 κτλ.

258 4333 260 4338 ,
292 4294 314 4361 ³)
335 4295 420 4358 Quae
455 4289 635 4366 significatio
672 4294 891 4348 consuetudine
927 4299 1103 4359 excusatum
1141 4310 1241 4363 neque
1277 4296 1358 4349 enirn

187 4397 292 4436 versus
312 4389 357 4439 est
376 4384 553 4454 glyconeus‚
571 4384 625 4438 sed
644 4383 811 4437 membrum
829 4384 878 4437 vel
897 4384 997 4453 polius
1016 4400 1077 4454 pes.
