2798 4980
661 301 858 365 -8-.-

524 569 630 654 Qualia
652 571 713 637 sint
736 573 870 637 carmina
894 572 996 656 lyrica.

282 710 422 774 Primum
455 709 577 774 clarum
610 717 660 776 est
696 709 859 775 ehericum
892 717 959 775 tum
991 710 1088 776 inseri
1120 711 1238 795 solere,
1274 730 1347 781 cum

175 837 268 882 nemo
291 816 323 880 in
348 836 446 882 scena
469 817 674 901 remanserit3¹
697 817 919 902 amoebaeum,
951 837 1023 882 cum
1053 824 1183 902 praeter
1213 817 1346 882 chorum

175 945 257 990 unus
292 931 383 988 actor
416 922 519 1008 adsit;
554 922 692 1006 denique
724 944 797 988 cum
830 923 894 988 duo
927 924 979 989 vel
1010 925 1120 1009 plures
1153 940 1281 990 actores
1314 923 1347 988 in

175 1050 274 1096 scena
296 1029 369 1114 sint,
394 1049 522 1094 carmen
545 1029 628 1094 inter
651 1029 710 1096 hos
734 1039 766 1094 et
797 1030 930 1096 chorum
959 1030 1123 1098 dividitur.
1171 1030 1290 1096 deinde
1315 1037 1346 1095 et

175 1140 237 1205 hoc
260 1144 350 1224 patet
375 1137 506 1202 chorica
529 1157 569 1202 ea
591 1137 791 1222 potissimum
816 1139 959 1205 carmina
983 1159 1063 1224 esse,
1088 1159 1171 1222 quae
1194 1139 1346 1204 lacunam

176 1247 316 1331 explent,
341 1245 520 1310 amoebaea
551 1264 699 1326 eaquae
728 1265 796 1310 rem
826 1245 987 1330 agendam
1017 1247 1110 1329 quasi
1140 1246 1346 1312 comitantur.

175 1362 273 1437 atque
304 1353 385 1418 haec
415 1351 545 1434 quidem
575 1351 607 1415 in
637 1353 825 1438 propatulo,
856 1373 912 1420 eos
943 1375 1018 1418 vero
1050 1354 1137 1419 locos
1167 1373 1346 1418 memorare

175 1461 275 1546 pluris
298 1459 440 1543 interest,
465 1458 519 1523 ubi
542 1458 628 1522 hunc
651 1479 744 1524 usum
775 1481 793 1526 θ
823 1480 859 1525 re
887 1460 1015 1529 scenica
1043 1467 1146 1525 ortum
1171 1467 1269 1545 poeta
1293 1479 1346 1524 ne-

175 1567 288 1652 glexit,
313 1574 345 1632 et
369 1586 485 1632 causas
509 1586 566 1630 cur
588 1565 650 1631 hoe
673 1566 786 1631 fecerit
809 1567 988 1649 anquirere.

282 1672 454 1740 Ohoricum
477 1694 535 1757 pro
559 1673 735 1738 amoebaeo
752 1674 891 1759 positum
908 1681 957 1741 est
979 1674 1012 1739 in
1035 1695 1150 1759 agone,
1168 1696 1228 1740 nec
1244 1695 1347 1740 causa

176 1781 316 1848 difficilis
341 1788 389 1847 est
411 1780 590 1865 intellectu,
615 1803 689 1846 nam
706 1781 749 1847 ad
766 1802 880 1848 scenas
897 1783 984 1848 clare
1001 1782 1193 1848 dividendas
1215 1781 1348 1847 chorioa

174 1889 278 1972 magis
300 1894 380 1973 apta
401 1894 475 1954 sunt
496 1908 593 1970 quam
616 1890 802 1955 amoebaea.
827 1890 927 1956 semel
950 1897 1058 1955 tamen
1081 1889 1290 1955 amoebaeum
1314 1887 1346 1952 in

175 2015 282 2079 agone
297 1994 457 2059 invenitur
479 1995 604 2079 V5263
630 1994 688 2061 sed
711 1995 772 2060 hoc
797 2016 925 2061 carmen
949 2018 1012 2061 non
1036 1997 1138 2063 solum
1162 1996 1204 2061 ad
1229 2015 1347 2061 scenas

175 2100 375 2168 distinendae
400 2100 459 2167 sed
475 2100 572 2166 etiam
586 2141 623 2152 -
640 2103 749 2184 aliqua
772 2102 900 2184 quidem
917 2123 958 2168 ex
974 2110 1067 2188 parte
1080 2143 1123 2152 -
1136 2102 1178 2168 ad
1194 2104 1347 2168 lacunam
1386 2159 1388 2163 a

175 2207 369 2292 explendam
385 2207 533 2292 inservit;
550 2229 624 2273 nam
642 2230 671 2274 v.
687 2210 841 2281 531-36
858 2217 1028 2275 cantantur
1044 2209 1120 2275 dum
1138 2211 1229 2293 cista,
1247 2229 1347 2291 quarn

174 2337 205 2381 v.
222 2317 286 2380 529
302 2314 479 2399 Bdelycleo
496 2315 557 2380 sibi
574 2315 740 2400 apportari
756 2315 904 2399 iusserat,
919 2317 1062 2384 affertur.
1087 2316 1232 2382 similiter
1247 2316 1280 2380 in
1296 2334 1346 2380 re-

175 2442 268 2488 cessu
289 2421 378 2487 chori
399 2421 562 2487 ehericum
583 2443 641 2508 pro
663 2424 838 2488 amoebaeo
858 2422 999 2508 positum
1015 2430 1064 2489 est
1080 2425 1108 2488 R
1124 2424 1204 2507 4483
1225 2422 1347 2488 adsunt

174 2528 258 2593 enim
282 2528 430 2594 Bacchus
459 2537 491 2593 et
513 2528 685 2611 Xanthias,
709 2528 766 2595 sed
790 2551 905 2595 novae
918 2532 964 2595 rei
988 2530 1112 2597 animos
1142 2529 1206 2595 iarn
1230 2529 1346 2594 adver-

174 2642 254 2719 tunt,
278 2657 323 2702 sc.
349 2635 510 2718 quomodo
534 2637 680 2701 Plutonis
703 2637 801 2702 ianua
830 2637 992 2722 pulsanda
1022 2639 1072 2704 sit.
1111 2638 1208 2722 plane
1231 2636 1346 2702 similis

173 2744 264 2809 locus
295 2748 343 2808 est
374 2743 402 2806 A
426 2742 501 2823 385,
526 2742 581 2807 ubi
604 2743 812 2829 Dicaeopolis
820 2796 828 2829 ,
860 2765 1055 2827 quamquam
1085 2745 1117 2810 in
1147 2765 1244 2811 scena
1274 2765 1346 2810 ver-

173 2858 272 2935 satur,
306 2857 414 2914 tamen
447 2869 519 2914 cum
553 2850 651 2915 choro
684 2871 747 2916 non
781 2851 930 2936 concinit,
965 2851 1041 2934 quia
1073 2873 1189 2917 novum
1221 2852 1346 2934 aliquid

174 2964 278 3043 parat,
310 2976 354 3024 sc.
385 2956 574 3042 Euripidem
605 2957 761 3025 aditurus.
809 2960 1019 3024 amoebaeum
1047 2959 1079 3024 in
1103 2979 1230 3026 recessu
1254 2961 1346 3025 chori

174 3071 282 3130 exstat
305 3065 334 3130 V
357 3066 433 3148 291,
457 3063 516 3129 sed
539 3065 751 3129 amoebaeum
774 3065 856 3131 inter
879 3065 970 3132 binos
995 3066 1119 3132 choros.

281 3165 408 3236 Deinde
432 3171 595 3236 choricum
627 3192 685 3256 pro
719 3173 895 3237 amoebaeo
929 3173 1067 3258 positum
1101 3179 1150 3238 est
1181 3172 1221 3238 iis
1253 3173 1345 3258 locis,

175 3279 230 3345 ubi
254 3279 370 3345 chorus
394 3278 492 3343 animi
506 3279 635 3363 affectu,
660 3279 729 3344 sive
752 3279 867 3345 timore
890 3279 959 3346 sive
981 3279 1113 3364 gaudio,
1137 3279 1346 3346 vehementer

176 3392 353 3452 commotus
384 3405 446 3449 uno
478 3390 589 3450 tenore
620 3405 749 3450 carmen
774 3384 938 3471 decantat,
970 3393 1005 3451 ut
1029 3392 1157 3452 actores
1186 3408 1249 3451 non
1273 3387 1345 3471 pari

173 3493 269 3559 modo
298 3493 449 3559 commoti
477 3491 570 3574 quasi
594 3492 724 3577 reprimi
740 3493 921 3578 videantur,
946 3494 1077 3558 velutA
1096 3495 1180 3559 1118
1198 3523 1239 3550 =
1259 3497 1344 3560 1262

173 3601 224 3682 Eq
255 3601 319 3665 616
352 3605 403 3664 Av
435 3600 498 3664 627
532 3600 560 3663 Α
593 3599 668 3666 666.
716 3599 831 3665 eadem
862 3600 1000 3666 fortasse
1033 3621 1133 3668 causa
1165 3609 1223 3685 est,
1257 3603 1345 3684 quod

174 3707 423 3793 imprecationes
447 3706 580 3772 deorum
604 3726 731 3791 semper
753 3706 821 3772 t'ere
852 3706 990 3773 choricis
1021 3708 1232 3775 continentur.
1281 3709 1344 3774 huc

173 3814 378 3881 referendum
402 3821 450 3880 est
474 3833 603 3879 carmen
626 3813 677 3877 Av
701 3814 776 3897 895,
800 3814 856 3878 ubi
880 3813 996 3880 chorus
1020 3814 1098 3881 deos
1122 3815 1344 3899 appellaturus

174 3943 195 3986 a
217 3927 324 4006 poeta,
350 3920 404 4003 qui
427 3922 491 3986 iam
514 3921 547 3984 in
571 3940 702 3987 scenam
726 3921 844 4005 prodit,
876 3920 1130 4006 interrumpitur3
1162 3928 1343 4008 praeterea,

174 4049 247 4093 cum
270 4027 334 4092 oda
349 4049 378 4092 a
400 4028 467 4094 solo
492 4027 589 4093 choro
614 4034 746 4093 cantata
762 4035 856 4112 esset,
875 4028 972 4093 etiam
988 4028 1109 4094 antoda
1125 4028 1154 4093 ei
1171 4028 1344 4103 tribuenda

174 4142 253 4202 erat.
301 4134 527 4221 excipiendum
551 4154 622 4200 esse
645 4134 774 4200 videtur
797 4155 927 4200 carmen
946 4135 975 4200 V
993 4136 1067 4219 868,
1092 4135 1146 4200 ubi
1171 4134 1286 4200 chorus
1311 4142 1344 4200 et

173 4241 350 4326 Bdelycleo
374 4263 432 4329 pro
456 4242 560 4308 salute
584 4241 686 4326 patris
720 4248 813 4306 orant
838 4239 898 4326 ¹ita,
932 4248 967 4306 ut
998 4241 1080 4307 inter
1113 4241 1177 4307 duo
1201 4242 1344 4308 carmina

173 4347 313 4415 iambica
351 4349 441 4415 chori
471 4347 701 4434 Bdelycleonis
738 4348 907 4434 anapaesti
937 4347 1147 4415 intercedant.
1196 4348 1254 4415 sed
1282 4349 1344 4414 hoc
