2798 4980
582 335 804 404 ,46-

109 535 290 602 cationibus
328 535 512 621 aptissimos
551 555 622 601 esse
661 555 701 600 ex
744 535 794 600 his
832 535 911 600 locis
949 534 1045 599 facile
1084 532 1233 618 intellegit

108 642 147 709 L.
171 664 201 708 v.
229 643 314 707 1286
336 641 439 726 sqq.¹)
463 643 514 707 Αιι
539 642 634 725 1750,
665 641 720 706 ubi
750 642 782 704 in
806 641 948 706 carmine
976 640 1114 724 nuptiali
1137 640 1215 708 Iovis

109 748 239 814 Iunonis
259 748 443 831 coniugium
462 748 627 831 laudatur3
651 749 725 831 737,
747 747 801 812 ubi
821 747 914 812 Musa
938 748 1073 825 λοχμαία
1095 747 1232 815 invocato

108 854 233 919 Musam
257 854 354 919 etiam
378 853 662 938 dactylo-epitritis
686 873 762 918 usus
784 853 915 917 invocat
937 859 1036 937 poeta
1063 853 1091 916 R
1116 852 1179 917 675
1201 855 1232 921 87

216 978 348 1063 Dactyli
371 980 423 1043 vel
452 977 718 1062 dactylo-epitriti
746 976 778 1041 in
803 976 830 1040 L
854 976 952 1043 semel
983 997 1013 1042 ν.
1040 975 1126 1041 1283
1155 996 1218 1058 sqq.

109 1084 288 1150 Aomnino
324 1105 387 1149 non
417 1084 629 1167 inveniuntur,
661 1089 696 1148 ut
726 1103 767 1148 ex
797 1083 858 1148 hae
891 1102 1019 1165 quoque
1050 1102 1085 1147 re
1116 1083 1233 1164 antiquu

109 1196 225 1275 poetae
249 1190 357 1256 stilum
381 1210 568 1272 cognoscas.
594 1189 730 1274 primurn
761 1195 793 1254 et
816 1197 911 1254 caute
935 1188 1065 1271 quidem
1092 1188 1126 1252 in
1151 1189 1199 1271 Eq
1219 1212 1233 1254 a

110 1296 259 1362 hibentur
277 1299 362 1362 1263
381 1329 417 1356 =
433 1299 477 1362 90
492 1299 520 1361 τί
538 1300 665 1362 κάλλιον
683 1297 906 1376 ἀρχομένοισιν
927 1299 946 1375 ἢ
964 1297 1233 1373 καταπαυομένοισ

110 1403 165 1468 ubi
189 1403 349 1469 Pindarus
377 1403 580 1488 exprimitur3
610 1404 668 1469 sed
691 1404 829 1468 sortasse
850 1403 911 1468 hoc
932 1403 1116 1487 exemplum
1143 1403 1233 1467 nondr

110 1509 288 1591 legitimum
305 1517 408 1594 putes,
426 1509 502 1592 quia
517 1511 550 1574 in
565 1509 718 1594 parabasi
734 1509 927 1592 secundaria
942 1510 1083 1594 positum
1099 1515 1131 1573 et
1147 1510 1233 1592 paror¹

111 1615 289 1682 certissima
313 1624 371 1682 est.
396 1616 481 1682 omni
497 1637 573 1682 vero
591 1616 792 1681 dubitatione
807 1616 982 1681 liberamur
997 1616 1146 1700 proxima
1162 1615 1233 1680 tabu

114 1723 156 1806 N,
180 1721 236 1786 ubi
260 1721 309 1788 bis
332 1721 397 1787 iam
421 1728 592 1788 occurrunt
616 1724 701 1787 etin
725 1722 850 1807 parodo
874 1728 906 1786 et
929 1723 1005 1788 461.
1053 1721 1172 1786 deinde
1194 1722 1221 1786 V

113 1829 219 1895 exodo
257 1829 469 1916 reperiuntur.
520 1829 687 1914 paullatim
726 1830 824 1911 igitur
863 1829 921 1895 hos
954 1849 1104 1895 numeros
1136 1850 1157 1893 a
1187 1850 1233 1915 por

113 1943 296 2020 assumptos
312 1955 383 2001 esse
400 1942 548 2020 apparet,
566 1942 598 2001 et
613 1957 689 2000 mox
705 1936 751 2000 ita
766 1935 1003 2019 increbuerunt,
1021 1943 1056 2000 ut
1071 1935 1233 2000 recentiori

112 2043 296 2108 tabularum
315 2043 348 2107 in
368 2043 473 2128 ipsum
494 2044 662 2126 agonem²)
684 2043 750 2108 iam
768 2043 944 2108 invaserint
963 2044 1004 2127 (E
1026 2042 1116 2126 571).
1141 2042 1233 2125 frequ

114 2149 236 2214 tissime
266 2148 469 2213 inveniuntur
492 2149 524 2212 in
548 2150 587 2233 a,
619 2169 683 2232 qua
713 2149 745 2213 in
767 2148 879 2214 fabula
909 2148 1065 2233 perediae
1095 2147 1233 2214 latissim¹

115 2255 256 2340 spatium
280 2254 391 2319 datum
415 2261 480 2338 cst3
505 2262 555 2320 ter
579 2256 662 2320 enim
686 2261 875 2322 occurrunt:
906 2256 981 2339 814,
1006 2255 1060 2320 ubi
1090 2255 1230 2320 carmine

116 2362 237 2440 ὁμοίων
248 2361 464 2444 includuntur,
477 2363 582 2426 namd
595 2363 616 2427 6
628 2363 649 2427 5
662 2362 786 2446 dactyli
799 2361 967 2427 subiuncta
978 2361 1124 2427 clausula
1138 2360 1233 2444 (dimo

117 2466 280 2532 trochaico
298 2466 503 2550 catalectico)
528 2475 642 2549 quater
665 2475 869 2552 repetuntur3
894 2468 959 2532 675
975 2468 1007 2531 in
1021 2467 1147 2552 parodo
1165 2474 1197 2532 et
1212 2468 1230 2532 8

117 2581 290 2654 antequam
314 2580 476 2638 certamen
501 2573 607 2655 initur,
625 2594 687 2655 quo
704 2581 840 2656 utroque
863 2574 935 2639 loeo
951 2574 1064 2639 Musae
1088 2575 1233 2639 invocant

118 2677 234 2761 quodsi
265 2677 297 2742 in
330 2679 358 2742 Τ
392 2675 515 2762 dactyli
554 2687 610 2745 aut
642 2679 908 2765 dactylo-epitriti
941 2701 1004 2746 non
1037 2687 1177 2764 exstant,
1211 2699 1233 2744 οι

117 2785 240 2850 sactum
264 2804 334 2850 esse
358 2790 474 2869 potest.

225 2910 332 2994 Saepe
356 2929 468 2975 versus
493 2910 675 2994 dactylicus
698 2911 730 2974 in
755 2910 918 2998 creticum,
950 2917 984 2975 ut
1017 2911 1064 2976 ita
1093 2910 1200 2975 dicam
1226 2917 1233 2976 t

119 3015 267 3099 minatur,
298 3022 337 3079 ut
364 3015 505 3081 aeolicus
535 3035 647 3080 versus
678 3015 844 3100 efficiatur,
869 3015 924 3098 qui
948 3016 1066 3081 clarius
1091 3016 1198 3082 elucet
1229 3071 1233 3082 ι

119 3143 149 3188 ν.
168 3122 231 3186 749
249 3141 296 3203 sq.
321 3126 373 3205 (=
394 3121 454 3186 781
478 3126 539 3205 sq.)
564 3121 721 3199 Φρύνιχος
739 3122 925 3201 ἀμβροσίων
949 3123 1069 3202 μελέων
1094 3123 1233 3202 ἀπεβόσκ

121 3229 243 3306 καρπὸν
273 3227 321 3290 ἀεὶ
352 3228 462 3306 φέρων
491 3231 636 3303 γλυκεῖαν
660 3230 757 3311 ᾠδάν.
804 3229 864 3294 Αν.
893 3249 923 3294 v.
951 3229 1035 3292 1755
1059 3248 1107 3309 sq.
1139 3229 1233 3312 perio

122 3332 286 3417 dactylica
315 3332 348 3396 in
377 3333 482 3417 ipsum
512 3332 756 3417 pherecrateum
787 3332 914 3418 desinit,
939 3335 993 3415 qui
1024 3334 1191 3399 clausulae
1221 3355 1230 3398 ι

120 3439 279 3522 fungitur:
304 3442 355 3503 καὶ
378 3442 539 3518 πάρεδρον
565 3441 732 3503 Βασίλειαν
756 3441 817 3518 ἔχει
842 3440 931 3518 Διός,

378 3545 477 3625 Ὑμὴν
501 3547 527 3610 ὠ
550 3546 688 3624 Ὑμέναι’
713 3546 780 3629 αι’)

123 3674 335 3683 ---ι-

230 3760 252 3827 ¹)
272 3760 306 3813 V.
326 3776 376 3830 pg.
396 3760 438 3814 38.

229 3848 253 3915 l)
274 3847 350 3903 Nam
378 3849 409 3901 in
438 3850 570 3902 carmine
593 3847 699 3916 Ν457,
728 3849 809 3918 quod
837 3864 854 3902 e
882 3849 1000 3904 duobus
1028 3852 1141 3904 veteris
1169 3851 1220 3905 fab

124 3938 307 3991 carminibus
334 3939 493 3991 confusum
520 3953 587 3991 esse
612 3953 699 3992 nemo
725 3954 786 3991 non
812 3938 904 4006 ridet,
930 3941 1065 3994 trochaei
1089 3945 1205 3993 tanturn

124 4027 385 4096 dactylo-epitritis
405 4027 600 4094 antecedunt,
620 4026 708 4081 odam
727 4029 917 4097 exprimunt:

267 4118 341 4182 λῆμα
361 4116 410 4180 μὲν
428 4116 546 4181 πάρεστι
565 4116 641 4183 τῷδέ
659 4115 683 4180 γ’
703 4117 755 4168 οὐκ
775 4118 899 4181 ἄτολμον
918 4115 976 4170 ἀλλ’
996 4118 1116 4183 ἕτοιμον.

185 4207 187 4212 ’
232 4204 255 4271 ³)
276 4202 333 4267 Qui
352 4219 459 4258 versus
479 4205 647 4258 servandus
667 4210 721 4258 est.
759 4205 840 4258 haud
854 4207 932 4259 enim
949 4208 1051 4277 inepte
1071 4209 1168 4261 lauda⁴

126 4297 156 4346 et
175 4293 299 4347 Iunonis
318 4294 460 4363 coniugio
480 4293 665 4362 nuptiarum,
679 4297 801 4362 propter
813 4308 890 4362 quas
909 4294 983 4347 haec
1004 4297 1103 4348 omnia
1123 4311 1168 4348 car

125 4383 269 4436 memoria
288 4382 415 4452 repetito
434 4381 485 4435 illo
506 4381 736 4450 epiphonemate
755 4386 929 4435 renovatur.
