2798 4980
539 320 573 330 -.
624 277 754 344 39..

168 473 231 551 άμα
256 476 367 538 δὲκαὶ

210 580 304 657 γένος
326 579 506 658 Ὀλυμπίων
530 585 614 644 θεων

211 687 307 763 μέλπε
331 688 381 749 καὶ
404 687 530 764 γέραιρε
553 693 647 769 φωνῇ
672 690 762 748 πάσα
784 678 954 765 χορομανεῖ
976 689 1094 769 τρόπῳ.

166 793 192 856 εἰ
217 793 253 857 δέ
275 813 322 869 τις

209 903 378 981 προσδοκᾷ
402 902 507 974 κακῶς
530 899 613 976 ἐρεῖν

209 1007 243 1069 ἐν
267 1005 341 1089 ἱερῷ
365 1005 499 1081 γυναῖκά
522 1002 551 1082 μ’
575 1004 679 1068 οὖσαν
703 1003 832 1082 ἄνδρας,
856 1004 914 1067 οὐκ
937 1004 1045 1080 ὀρθῶς
1067 1007 1190 1082 φρονεῖ.

165 1112 245 1176 ἀλλὰ
268 1117 346 1191 χρῆν

209 1218 255 1294 ὡς
278 1217 324 1282 ἐπ’
349 1218 443 1295 ἔργον
467 1217 536 1280 αὐτὶ
562 1213 704 1297 καινὸν’)

208 1328 337 1403 πρῶτον
360 1323 511 1387 εὐκύκλου
535 1323 662 1401 χορείας
685 1322 790 1401 εὐφυᾶ
813 1327 933 1399 στῆσαι
958 1319 1061 1398 βάσιν.

81 1447 223 1512 13534
240 1481 281 1504 --
298 1449 352 1531 90,
376 1445 431 1511 ubi
461 1446 648 1511 6·6·6·4·
687 1444 830 1510 trochaei
854 1443 903 1508 bis
926 1450 1115 1528 repetuntur
1141 1451 1173 1508 et
1196 1444 1229 1508 in

82 1553 122 1618 da
146 1555 232 1618 etin
257 1554 387 1620 antoda.

164 1658 351 1724 Trochaeus
369 1658 577 1724 catalecticus
592 1657 718 1740 integer
733 1676 861 1743 semper
879 1664 1027 1723 servatus
1043 1665 1093 1723 est
1115 1699 1140 1706 -
1156 1682 1174 1708 υ
1191 1668 1227 1722 Ξ.

81 1783 154 1848 sepe
190 1765 335 1829 hinorum
370 1764 610 1848 trochaeorum,
653 1763 708 1845 qui
745 1763 837 1829 iuxta
876 1764 972 1850 positi
1015 1772 1102 1848 sunt,
1136 1763 1227 1829 'thesi

81 1871 158 1935 itera
182 1892 310 1953 quaque
341 1892 515 1958 suppressa
545 1871 680 1936 duorum
714 1871 903 1936 creticorum
935 1871 1061 1957 species
1090 1878 1122 1935 et
1153 1890 1226 1956 pro-

81 1978 159 2042 rium
184 1978 275 2044 ethos
300 2018 339 2028 —
364 1979 519 2044 velocitas
549 1979 632 2044 enim
663 1978 755 2060 quasi
785 1979 908 2044 tardari
939 1978 1067 2043 videtur
1095 2016 1135 2027 —
1160 1977 1227 2041 effi-

81 2086 146 2168 tur,
172 2085 261 2150 velut
283 2086 322 2152 V.
346 2107 377 2151 v.
404 2085 489 2149 1060
512 2104 559 2165 sq.
598 2084 742 2149 ὧπάλαι
766 2083 835 2150 ποτ’
865 2085 956 2162 ὄντες
986 2086 1075 2163 ἡμεῖς
1103 2084 1225 2161 ἄλκιμοι

81 2195 109 2255 ἐν
134 2193 169 2256 ἐν
197 2196 305 2271 χοροῖς
329 2192 452 2269 ἄλκιμοι
477 2191 504 2255 δ’
535 2192 569 2255 ἐν
593 2189 706 2269 μάχαις
736 2223 777 2246 =
804 2193 886 2256 1091
913 2212 972 2275 sq„
997 2190 1083 2273 quod
1106 2189 1138 2253 in
1162 2189 1225 2254 fine

81 2297 178 2362 eriodi
208 2298 277 2362 fieri
306 2298 397 2363 solet.
428 2337 472 2345 —
502 2297 528 2360 P
561 2298 644 2361 1127
677 2329 718 2356 =
745 2299 840 2381 1159,
873 2308 947 2362 cum‘
968 2296 1137 2381 imparium
1160 2315 1224 2360 me-

82 2426 174 2469 orum
199 2406 302 2471 altera
325 2424 473 2487 quaeque
496 2402 596 2469 thesis
620 2424 795 2489 suppressa·
818 2405 876 2488 sit,
905 2403 1036 2470 schema
1060 2402 1225 2485 quoddam

81 2511 183 2577 nibus
207 2512 349 2596 perbene
371 2509 624 2596 percipiendum,
649 2510 735 2592 quod
760 2518 908 2576 constare
923 2510 1051 2575 videtur
1075 2529 1115 2574 ex
1136 2511 1157 2574 3
1177 2508 1224 2573 di-

83 2617 162 2683 etris
197 2616 370 2683 trochaicis
405 2615 617 2700 catalecticis‚
654 2615 800 2701 efficitur,
835 2616 867 2681 in
902 2616 992 2682 initio
1028 2622 1060 2681 et
1094 2616 1127 2680 In
1160 2615 1223 2681 fine

81 2722 295 2790 seudocretico
319 2723 470 2788 adiuncto

212 2831 330 2909 ἥδομαί
353 2828 381 2905 γ’
405 2831 522 2909 ἥδομαι
547 2832 684 2908 κράνους
708 2829 804 2909 ἀπηλ-

404 2937 560 3014 λαγμένος
582 2940 679 3016 τυροῦ
702 2958 735 3000 τε
758 2939 809 3000 καὶ

405 3041 585 3120 κρομμύων.
610 3043 732 3121 οὐγὰρ
756 3046 882 3122 φιληδῶ
907 3042 1028 3121 μάχαις.

81 3166 214 3251 ropriam
237 3164 383 3232 trochaei
405 3166 541 3231 formam
564 3166 700 3250 praebet
722 3165 760 3233 L.
785 3188 815 3232 v,
840 3167 905 3232 658
929 3187 977 3248 sq.

263 3288 348 3353 ταῦτ’
372 3289 430 3354 οὖν
454 3295 511 3369 οὐχ
533 3288 623 3370 ὕβρις
645 3291 685 3356 τά
707 3290 862 3370 πράγματ’
886 3293 954 3356 ἐστὶ

264 3397 379 3475 πολλή;
404 3395 597 3461 κάπιδώσειν
621 3418 673 3477 μοι
699 3399 844 3463 δοκεῖτὸ
867 3404 971 3478 χρῆμα
995 3402 1114 3478 μάλλον
1137 3402 1201 3463 κτλ.

81 3504 170 3569 2682
183 3523 231 3584 sq.
256 3503 283 3566 εἰ
306 3505 344 3582 νή
369 3505 413 3567 τὼ
438 3504 502 3568 θεώ
526 3525 563 3582 με
587 3505 786 3583 Ζωπυρήσεις

263 3610 351 3674 λάσω
375 3611 433 3688 τήν
457 3610 593 3689 ἐμαυτῆς
615 3610 654 3675 ὑν
678 3612 740 3687 ἐγὼ
766 3613 804 3690 δή
830 3613 879 3675 καὶ
902 3613 1030 3691 ποιήσω
1054 3616 1127 3688 κτλ,

81 3714 104 3781 ri
139 3715 234 3799 primi
265 3714 419 3797 cuiusque
449 3715 593 3781 trochaei
624 3716 739 3782 ambae
775 3715 882 3783 theses
920 3737 1113 3803 suppressae
1147 3726 1221 3783 sunt

86 3864 126 3906 -,
151 3821 281 3903 quade
311 3842 346 3887 re
377 3821 444 3906 egit
474 3824 511 3890 F.
541 3823 647 3908 Spiro,
671 3824 810 3889 Hermae
837 3824 900 3891 vol.
924 3824 1040 3889 XXIII
1063 3845 1117 3910 pg.
1143 3825 1219 3892 255.

155 3968 178 4036 1)
198 3967 327 4038 Legitur
347 3970 444 4035 ὥσπερ
463 3968 556 4036 ἔργον,
581 3968 662 4037 quod
682 3984 755 4023 corr.
775 3967 931 4023 Velsenus.
944 3998 979 4006 -
992 3969 1089 4020 καινὸν
1108 3968 1221 4038 ophme

100 4057 208 4123 habet3
226 4072 297 4110 nam
317 4057 356 4111 ad
374 4073 488 4111 novum
507 4054 525 4110 i.
545 4072 570 4111 e.
590 4056 675 4111 ahud
694 4057 826 4112 saltandi
852 4073 950 4127 genus
974 4058 1115 4112 mulieres
1140 4063 1221 4112 tran-

82 4150 146 4201 unt.
185 4150 249 4200 tum
268 4160 340 4200 vero
360 4147 391 4199 In
411 4146 468 4199 hac
481 4146 571 4200 tertia
585 4145 708 4215 stropha
725 4147 950 4216 responsionem
969 4162 1030 4200 non
1052 4147 1112 4200 iam
1131 4162 1220 4203 accu-

83 4240 114 4289 te
134 4238 286 4289 servatam
305 4249 372 4289 esse
391 4234 618 4288 concedendum
639 4238 693 4303 est,
720 4250 812 4303 quam
831 4237 983 4290 licentiam
1000 4239 1110 4307 poetae
1128 4237 1220 4293 facile

83 4324 294 4378 ndonabImus.
