2798 4980
546 64 766 139 ..15-

62 257 142 326 duos
183 263 365 350 acephalos
404 269 612 335 catalecticos
652 269 742 334 chori
779 273 957 352 sequuntur
994 267 1058 335 duo
1096 267 1240 354 Trygaei

62 367 236 437 subiuncta
261 374 551 460 epiphonemate¹).
598 377 753 442 dividitur
776 386 884 441 autem
897 441 899 445 ,
912 383 1014 442 toturn
1037 396 1167 443 carmen
1191 377 1241 442 his

62 475 211 542 versibus
245 486 289 565 (v.
317 483 490 547 1339-42
513 489 545 547 et
571 484 757 568 1353-55)
783 483 909 548 duobus
932 483 1011 548 locis
1041 483 1239 568 interpositis

63 583 94 647 in
122 591 237 668 partes
271 594 346 671 tres,
383 608 517 670 quarum
552 589 657 673 prima
687 597 718 654 et
748 590 852 654 altera
882 589 985 673 binaS,
1015 590 1111 654 tertia
1142 610 1239 654 unam

64 693 234 777 stropham
259 696 511 780 comprehendit.
552 703 678 762 constat
696 704 804 761 autern
825 696 961 780 stropha
986 716 1199 779 unaquaeque
1222 716 1240 762 e

64 800 167 866 ternis
183 808 216 866 et
232 803 282 867 bis
296 802 431 885 singulis
445 803 612 886 glyconeis
627 803 793 888 acephalis
808 803 1007 868 catalecticis
1023 805 1103 888 (31
1117 805 1238 888 ·1·),²)

65 913 100 971 ut
124 908 225 974 totius
240 911 400 994 carminis,
420 911 448 976 si
464 911 604 976 numeris
620 910 800 995 exprimere
820 910 906 994 licet,
923 910 1061 974 formula
1081 909 1122 974 sit
1137 910 1239 976 haec:

10 1029 15 1035 ·
65 1015 195 1080 3·1·1·
232 1017 357 1081 3·1·1·
396 1018 669 1101 (1·1·)3·1·1·
708 1017 834 1081 3·1·1·
872 1019 1076 1101 (2·2·1·1·)
1107 1018 1230 1081 3·1·1·

64 1122 195 1205 species
218 1123 316 1206 igitur
340 1124 490 1189 carminis
508 1126 552 1208 Ιἐξ
576 1125 697 1202 ὁμοίων
720 1130 829 1188 manet
852 1123 993 1205 quinque
1023 1122 1238 1207 stropharum.
1289 1211 1291 1216 Α

66 1238 261 1314 -practer
283 1231 368 1294 hunc
391 1231 496 1296 locmn
520 1231 635 1315 impari
659 1230 863 1314 stropharum
886 1249 1018 1294 numero
1041 1231 1074 1293 in
1098 1230 1239 1295 carmine

64 1337 98 1402 ἐξ
123 1338 246 1414 ὁμοίων
275 1337 495 1422 componendo
527 1358 603 1403 usus
634 1344 683 1402 est
713 1344 811 1421 poeta
839 1337 867 1400 R
891 1337 957 1401 534
976 1368 1012 1395 =
1032 1337 1085 1421 90,
1109 1357 1173 1418 quo
1198 1336 1239 1400 de

64 1444 210 1510 carmine
233 1466 332 1530 snpra
356 1445 434 1530 dixi,
463 1446 528 1531 uhi,
557 1447 659 1511 trihus
683 1445 825 1530 periodis
855 1464 1005 1510 senorum
1035 1445 1239 1526 subiungitur

64 1551 193 1635 epodus
208 1551 378 1634 'quaedam
402 1559 553 1635 quattuor
576 1552 814 1637 trochaeornm,
839 1559 870 1616 et
894 1553 922 1615 Τ
943 1553 1018 1635 959,
1043 1551 1098 1616 ubi
1115 1558 1239 1636 septem

63 1658 224 1743 trochaei,
248 1661 302 1740 qui
327 1660 506 1725 continuari
529 1667 664 1744 possunt
683 1659 775 1745 primi
800 1666 832 1724 et
860 1659 945 1724 tertii
973 1659 1087 1723 ultima
1109 1659 1239 1743 syllaba

64 1783 254 1849 suppressa,
279 1773 328 1830 ter
350 1767 579 1851 repetuntur³).

175 1872 345 1950 Quaeritur
369 1880 474 1938 utrum
499 1875 596 1938 etiam
620 1873 764 1938 carmina
788 1892 871 1954 quae
901 1892 918 1937 e
947 1872 1074 1938 duabus
1097 1872 1239 1956 strophis

64 1978 223 2046 similibus
248 1987 396 2045 constant
419 1981 451 2045 in
474 1981 513 2046 iis
537 2001 621 2063 quae
649 1982 680 2047 ἐξ
704 1982 825 2058 ὁμοίων
848 1987 1005 2045 vocantur
1028 1978 1238 2063 numeranda,

64 2106 107 2149 an
131 2086 267 2171 stropha
298 2095 330 2152 et
360 2087 581 2172 antistrophus
604 2087 777 2153 statuenda
800 2087 874 2152 sint.
921 2086 1030 2170 agitur
1060 2093 1168 2150 autem
1196 2085 1238 2150 do
1342 2148 1345 2154 .

62 2190 114 2256 his
149 2192 248 2258 locis:
273 2193 302 2256 R
326 2193 391 2258 384
418 2195 483 2259 448
508 2194 536 2258 T
560 2195 625 2259 969
658 2195 724 2261 990
753 2194 804 2258 Av
835 2194 931 2260 1731.
979 2212 1063 2274 quae
1094 2192 1238 2257 carmina

62 2298 214 2380 equidem
238 2301 269 2362 in
293 2299 332 2364 iis
357 2300 411 2382 qui
435 2301 467 2367 ἐξ
491 2301 612 2379 ὁμοίων
636 2307 792 2365 vocantur
814 2319 988 2365 numerem.
1032 2319 1106 2363 nam
1130 2299 1238 2364 omnia

63 2412 138 2470 sunt
151 2405 296 2470 carmina
307 2407 446 2472 sacralia
459 2415 491 2473 et
504 2428 633 2473 carmen
645 2407 803 2492 populare
816 2425 860 2473 sc.
876 2406 1020 2491 nuptiale
1037 2406 1110 2490 (Av.
1126 2407 1236 2490 1731),

61 2620 152 2688 dunt;
172 2622 255 2691 quod
274 2624 457 2677 simillimum
477 2629 523 2677 est
541 2625 773 2695 interrogationi
787 2628 817 2677 et
833 2623 1029 2693 responsioni.
1061 2623 1132 2677 item
1146 2623 1237 2692 plane

61 2711 92 2763 in
113 2712 283 2781 tragoedia,
303 2728 394 2781 quam
413 2713 470 2767 hoc
489 2713 610 2782 quidem
630 2714 698 2768 loco.
717 2713 855 2782 exprimit
882 2717 981 2782 poeta.
1018 2712 1094 2765 alias
1114 2726 1237 2780 quoque

61 2800 91 2852 in
112 2801 298 2854 carminibus
312 2802 483 2855 amoebaeis
497 2803 651 2856 breviores
664 2816 780 2866 versus,
794 2802 904 2870 quibus
923 2790 1122 2870 interrogatio
1142 2803 1236 2868 atque

60 2889 224 2961 responsio,
250 2889 435 2957 continetur,
471 2890 550 2943 inter
585 2891 724 2961 longiora
756 2895 922 2958 systemata
957 2889 1120 2943 intermissi
1155 2892 1236 2955 sunt,

60 2977 146 3030 velut
160 2975 217 3029 Αν.
231 2992 259 3030 ν.
272 2976 325 3030 416
343 2979 403 3032 duo
417 2979 535 3032 dimetri
548 2979 677 3047 iambici,
697 2994 772 3048 quos
786 2978 972 3032 antecedunt
985 2977 1065 3031 duae
1085 2993 1238 3031 senorum,

59 3070 233 3134 sequuntur
252 3067 332 3120 duae
350 3083 537 3121 novenorum
557 3069 725 3122 iamborum
745 3067 869 3137 periodi.

170 3155 192 3222 1)
213 3154 371 3209 Traditum
384 3158 470 3210 enim
490 3163 536 3212 est

242 3244 297 3298 ΧΟ.
316 3250 376 3313 τοῦ,
390 3247 440 3310 μέν
460 3248 528 3312 μέγα
548 3245 593 3299 καί
611 3248 685 3313 παχὺ
705 3250 757 3314 τῆς
776 3244 800 3298 δ’
819 3247 874 3313 ἡδὺ
894 3247 929 3299 τὸ
949 3250 1044 3299 σῦκον.

240 3334 291 3388 ΤΡ.
312 3336 413 3402 φήσεις
430 3335 462 3402 γ’,
482 3339 552 3391 ὅταν
571 3336 668 3405 ἐσθίῃς
688 3335 766 3390 οἶνόν
784 3352 817 3389 τε
835 3336 900 3405 πίῃς
918 3337 1010 3389 πολύν

435 3425 525 3492 Ὑμὴν
543 3425 663 3492 Ὑμέναι’
683 3423 718 3478 rh'

436 3514 526 3582 Ὑμήν
543 3514 663 3580 Ὑμέναι’
683 3516 714 3568 ὦ.

58 3620 141 3674 quae
163 3605 263 3658 omnia
283 3620 358 3658 sana
378 3610 457 3658 sunt.

168 3694 192 3759 ²)
211 3692 245 3747 V.
265 3693 335 3747 1333
354 3709 422 3747 cum
438 3691 604 3749 Schradero
620 3694 686 3763 (Rh.
701 3693 738 3746 M.
758 3695 817 3749 vol.
837 3693 908 3749 XXI
929 3710 979 3765 pg.
995 3693 1030 3746 93
1049 3693 1124 3763 sqq.)
1143 3691 1235 3760 Ὑμὴν

57 3780 182 3847 Ὑμέναι’
202 3782 225 3834 ὧ
245 3783 363 3851 addam,
389 3801 416 3836 v.
438 3783 506 3838 1336
531 3784 722 3838 scribendum
748 3800 914 3854 proponam
941 3782 986 3836 καί
1011 3784 1065 3849 τὴν
1085 3782 1233 3848 βασίλειαν.

168 3875 193 3939 ³)
214 3871 358 3926 Attamen
385 3874 473 3927 tertia
500 3875 623 3944 stropha
649 3875 819 3943 paullulum
845 3873 988 3927 discedit:
1011 3873 1081 3926 ἀλλὰ
1104 3879 1175 3939 χρῆν
1195 3875 1234 3937 ὡς

59 3963 109 4018 ἐπ’,
130 3965 239 4032 (ὥσπερ
260 3979 335 4016 corr.
354 3963 513 4031 Velsenus)
534 3963 618 4028 ἔργον
637 3962 673 4015 αὖ
692 3980 717 4016 τι
744 3964 841 4016 καινὸν
867 3965 933 4026 κτλ,
952 3967 988 4016 ut
1012 3963 1098 4033 epodi
1118 3964 1234 4032 species

59 4053 213 4123 quaedam
239 4052 403 4119 efficiatur,
431 4056 460 4105 et
487 4056 582 4105 totum
611 4066 734 4105 carmen
760 4052 873 4105 stasimi
900 4052 1063 4122 imaginem
1089 4052 1235 4121 praebeat

59 4143 110 4212 (cf-
131 4157 182 4212 na·
202 4140 256 4205 ro).
359 4202 369 4215 ,
