2850 4980
598 351 638 373 —.
685 310 730 383 30
775 353 825 393 -.

120 508 220 589 Ὑμήν
248 509 385 588 Ὑμέναι’
415 509 487 594 ω’).
534 513 584 575 Av
616 511 699 575 1731
737 511 900 593 quaternis
934 511 1098 596 acephalis
1129 512 1306 577 acatalec-

123 617 194 682 ticis
217 623 250 682 et
273 617 383 699 quinto
407 616 647 702 pherecrateo¹)
664 618 899 702 subiunguntur
915 618 981 682 bini
1004 618 1149 684 eiusdem
1173 618 1309 704 speciei

124 743 245 807 versus,
270 723 385 806 quibus
410 722 624 808 epiphonema
647 725 840 791 continetur:

493 829 576 913 Ἥρᾳ
599 829 667 894 ποτ’
686 830 844 914 Ὀλυμπίᾳ

497 938 553 1000 τὸν
575 937 732 1016 ἠλιβάτων
757 938 882 1017 θρόνων

498 1041 636 1122 ἄρχοντα
660 1047 729 1108 θεαὶ
754 1046 853 1122 μὲγαν

499 1149 617 1229 Μοῖραι
641 1153 862 1229 ξυνεκοίμισαν

502 1259 536 1321 ἐν
558 1257 664 1341 τοιῷδ’
687 1259 837 1342 ὑμεναίῳ.

496 1365 597 1442 Ὑμὴν
619 1364 645 1427 dr
664 1363 801 1442 Ὑμέναι’
826 1365 852 1428 ὦ

498 1471 598 1550 Ὑμὴν
621 1471 647 1535 ὦ
666 1470 804 1549 Ὑμέναι’
828 1471 863 1535 ὧ.

128 1617 167 1623 -
193 1575 288 1640 etiam
313 1576 340 1638 T
367 1577 482 1660 11362)
506 1577 631 1662 species
662 1578 811 1642 carminis
842 1578 874 1644 ἐξ
905 1578 1025 1654 ὁμοίων
1055 1583 1127 1642 exst
1149 1583 1172 1644 t.
1219 1598 1289 1641 nam

126 1683 158 1746 in
171 1683 279 1768 priore
295 1683 418 1768 parte³)
435 1705 464 1750 v.
482 1685 612 1749 36-47
630 1686 692 1749 tria
706 1691 886 1768 systemata
901 1684 1055 1748 trinorum
1066 1685 1292 1768 glyconcorum

127 1791 378 1873 subsequuntur3
403 1791 485 1855 inter
508 1790 683 1855 secundum
707 1797 739 1855 et
763 1791 891 1855 tertium
916 1798 959 1874 (ν.
983 1792 1026 1854 43
1051 1796 1112 1874 sq.)
1145 1797 1294 1872 quattuor

127 1897 252 1962 bacchii
276 1897 487 1963 intercedunt.
527 1898 559 1961 in
583 1897 760 1981 posteriore
784 1905 875 1983 parte
892 1919 923 1964 v.
939 1898 1071 1962 48-59
1095 1904 1204 1962 ternos
1229 1898 1294 1981 gly-

128 2024 244 2069 coneos
268 2003 494 2068 acatalecticos
518 2003 567 2068 his
591 2004 755 2088 excipiunt
771 2003 892 2088 dactyli
909 2004 1045 2089 primunr
1063 2006 1080 2069 l
1098 2002 1217 2068 deinde
1234 2005 1294 2087 ιδ’),

129 2111 183 2194 qui
207 2111 365 2176 artissime
389 2130 461 2175 oum
484 2111 651 2194 glyconeis
674 2110 889 2192 coniungendi
914 2118 997 2194 sunt,
1028 2116 1062 2174 ut
1087 2110 1179 2192 quasi
1203 2111 1296 2176 finem

129 2219 273 2284 eiusdem
297 2217 483 2302 systematis
506 2216 636 2283 faciant.

236 2335 341 2412 Quam
364 2333 518 2399 rationem
542 2332 754 2417 componendi
782 2332 879 2418 plane
902 2354 923 2397 a
951 2333 1146 2416 tragicorum
1176 2332 1297 2416 differe,

129 2441 184 2524 qui
207 2441 239 2504 in
255 2440 422 2525 glyconeis
437 2440 666 2525 componendis
682 2461 802 2524 magna
818 2442 975 2507 varietate
992 2447 1132 2526 utuntur,
1150 2449 1297 2526 apparet.

130 2547 187 2613 sed
221 2547 356 2612 conferri
391 2554 526 2631 possunt
559 2546 770 2613 Anacreontis
805 2546 996 2632 fragmenta,
1033 2550 1087 2629 qui
1123 2554 1299 2631 systemata

130 2670 292 2720 ternorum
325 2659 550 2735 quaternorum
583 2655 750 2737 quinorum
779 2674 928 2719 versuum
952 2654 1183 2738 glyconeorum
1204 2645 1298 2719 'corn-

131 2746 247 2848 posuit.
294 2760 380 2844 apud
415 2760 552 2826 eundem
582 2761 731 2827 carminis
761 2762 794 2827 ἐξ
823 2761 944 2840 ὁμοίων
975 2768 1096 2826 certum
1127 2751 1298 2843 vestigium

132 2867 289 2952 reperitur
311 2867 349 2932 fr.
377 2867 427 2950 14,
451 2867 505 2932 ubi
529 2866 675 2950 quaterni

451 2975 574 3058 σφαίρῃ
600 2974 694 3053 όηῦτὲ
718 2995 755 3054 με
778 2976 945 3058 πορφυρέῃ

507 3075 631 3159 βάλλων
654 3081 857 3159 χρυσοκόμης
875 3080 981 3159 Ἔρως

505 3190 574 3266 νήνι
597 3188 876 3271 ποικιλοσαμβάλῳ

506 3296 692 3372 συμπαίζειν
714 3299 925 3373 προκαλεῖται.

134 3466 343 3520 catalecticum
362 3466 434 3518 fecit
453 3469 551 3535 poeta.
588 3466 644 3518 hoc
663 3481 735 3520 vero
756 3464 966 3535 Aristophanis
986 3466 1051 3520 loco
1071 3466 1131 3519 iam
1152 3465 1305 3519 antecedit

135 3570 241 3610 versus
261 3555 456 3609 catalecticus
475 3569 532 3608 nec
550 3555 581 3608 in
595 3555 654 3608 line
668 3556 841 3624 systematis
854 3570 961 3608 versus
975 3554 1143 3608 catalectici
1156 3555 1305 3608 cumulat'

135 3645 301 3713 quidquam
329 3645 395 3697 miri
424 3644 550 3713 habent,
580 3646 668 3699 immo
695 3646 785 3715 plane
810 3646 840 3698 in
867 3645 982 3698 deliciis
1011 3649 1082 3698 sunt
1110 3642 1307 3714 Aristophani

136 3733 266 3802 quidem.
1224 3741 1227 3747 '

244 3822 266 3888 ¹)
287 3821 364 3876 Nam
383 3839 410 3877 v.
430 3823 499 3876 1735
519 3823 549 3876 ἐν
562 3820 597 3874 42
609 3820 696 3888 τῆςτ’
709 3837 778 3876 cum
797 3822 950 3876 codicibus
965 3822 1114 3877 servanda
1129 3828 1200 3877 sunt
1214 3828 1309 3893 atque

138 3912 212 3964 haec
240 3911 362 3965 licentia
390 3917 498 3982 poetae
526 3913 743 3982 permittemus,
771 3917 807 3965 ut
834 3913 865 3965 in
893 3912 953 3966 fine
981 3913 1155 3982 systematis
1184 3928 1308 3968 versum

40 4041 41 4044 ,
138 4001 302 4070 pleniorem
320 4001 509 4065 brevioribus
529 4001 705 4071 subiungat.

244 4088 268 4156 ²)
288 4088 412 4143 Numeri
431 4090 572 4162 descripti
593 4095 664 4143 sunt
682 4107 732 4160 pg.
752 4089 794 4143 34.

244 4178 267 4245 ³)
288 4177 420 4242 Primum
441 4180 519 4233 enim
539 4179 682 4248 Minerva,
702 4179 809 4233 deinde
833 4178 1016 4245 Θεσμοφόρω
1029 4176 1207 4230 πολυποτνία
1227 4178 1311 4231 invo-

139 4271 256 4320 cantur.
293 4269 384 4321 ctiam
403 4269 536 4322 numeris
556 4268 670 4322 distant
689 4269 746 4323 hae
766 4269 846 4322 duae
867 4274 976 4338 partes.

245 4355 268 4424 ⁴)
289 4355 321 4410 V.
342 4356 412 4410 1159
431 4373 499 4411 curn
518 4357 692 4410 Hermanno
713 4358 904 4411 scribendum
924 4362 970 4410 est
990 4357 1092 4410 ἔνθαδε
1112 4357 1201 4424 χήμῖν.
