2798 4980
595 309 795 372 ,6-

110 503 271 588 nymphus
294 502 384 588 pacis
413 503 645 585 aliquantulum
673 511 796 588 petunt.
843 506 869 569 P
893 507 957 570 939
982 507 1153 589 Trygaeus
1183 503 1281 570 sacri·
1325 490 1327 497 *

110 610 217 675 ficium
251 629 449 695 praeparans
488 611 625 695 primum
658 611 875 697 circumspicit
907 633 997 677 aram
1033 617 1076 696 (v.
1111 613 1177 677 938
1213 612 1281 695 42),

111 717 228 782 deinde
252 724 361 782 cetera
385 716 535 781 sacrificii
558 717 770 797 instrumenta
791 719 885 784 affert
909 725 952 803 (v.
977 719 1042 784 948
1066 724 1139 800 sq),
1165 718 1282 799 quibus

111 823 319 909 disponendis
343 830 375 889 et
399 823 601 909 explicandis
625 826 764 889 animum
788 825 935 907 attendit,
959 825 1124 890 victimam
1147 845 1282 909 exspec-

109 940 196 1017 tans3
221 931 348 996 interim
371 931 487 997 chorus
511 933 651 998 breviter
674 932 793 997 accinit
815 955 846 999 v.
870 933 1034 999 950-55.
1084 934 1179 1016 1023,
1205 931 1283 996 dum

110 1039 200 1122 ligna
224 1040 395 1123 Trygaeus
418 1023 582 1124 componit
606 1046 648 1124 (v.
676 1041 762 1105 1024
788 1041 832 1104 26
856 1041 909 1123 32,
937 1039 993 1104 ubi
1021 1039 1157 1124 perfecit
1186 1044 1283 1124 opus)

87 1145 236 1212 canitur
267 1164 396 1210 carmen
427 1140 524 1210 etiam
553 1146 692 1212 brevius.
745 1146 839 1212 simul
872 1146 972 1230 igitur
1000 1145 1063 1210 hoc
1093 1166 1224 1211 carmen
1251 1145 1284 1209 in

111 1253 150 1319 iis
174 1251 405 1316 numerandum
430 1258 488 1336 est,
513 1272 598 1334 quae
620 1253 758 1318 lacunae
781 1252 963 1337 explendae
986 1252 1178 1335 inserviunt;
1207 1252 1283 1316 nam

112 1382 142 1427 v.
160 1361 223 1424 931
242 1379 355 1425 servus
372 1357 551 1442 dimittitur,
567 1365 602 1423 ut
617 1359 780 1424 victimam
795 1360 909 1424 afferat
926 1371 969 1443 (v.
983 1360 1072 1442 949),
1089 1380 1119 1425 v.
1133 1360 1221 1423 1020
1235 1378 1283 1440 sq.

111 1486 223 1533 servus
247 1466 376 1530 domum
400 1465 514 1530 missus
539 1472 596 1550 θεῖ,
621 1473 656 1530 ut
679 1473 822 1531 mactata
838 1465 969 1531 victima
991 1465 1116 1530 femora
1131 1472 1285 1548 exempta

112 1573 264 1658 proferat,
297 1591 380 1654 quae
409 1572 443 1636 in
473 1572 545 1637 foco
577 1593 597 1636 a
628 1574 780 1656 Trygaco
804 1572 1153 1658 intereaRexstruendo
1183 1572 1286 1657 impo-

113 1687 238 1746 nantur.
285 1679 425 1764 spatium
448 1679 547 1762 igitur
570 1679 770 1744 intercedere
787 1678 937 1763 debebat,
959 1699 1022 1760 quo
1043 1700 1155 1744 servus
1176 1679 1286 1743 omnia

113 1807 197 1870 quae
221 1786 250 1851 ei
274 1785 428 1851 mandata
458 1793 549 1851 erant
575 1787 731 1871 perficere
761 1793 881 1871 posset.
927 1787 955 1850 Α
980 1787 1044 1851 929
1076 1785 1287 1870 Dicaeopolis

113 1893 359 1979 sycophantam,
374 1913 468 1975 quem
481 1893 602 1958 Boeoto
619 1893 774 1978 vendidit,
788 1901 943 1974 tanquam
959 1914 1017 1958 vas
1033 1892 1131 1958 fictile
1148 1898 1190 1977 (v.
1205 1893 1285 1975 936)

113 2001 246 2084 colligat
270 2006 312 2084 (v.
338 2002 402 2065 929
430 2002 488 2084 41,
516 2000 571 2065 ubi
600 2020 681 2085 opus
704 2000 864 2085 perfecit).
903 2001 954 2064 Av
979 2001 1064 2064 1313
1092 2020 1204 2065 servus
1234 2000 1285 2064 Pi-

113 2107 268 2173 sthctacri
298 2107 423 2191 plumas
447 2108 555 2172 varias
579 2107 674 2172 domo
704 2107 797 2172 effert
827 2113 870 2191 (v.
904 2107 990 2171 1310
1017 2112 1078 2189 sq.)
1108 2106 1288 2170 admodum·

113 2214 255 2298 segniter
272 2220 314 2298 (v.
336 2215 418 2279 1311
439 2215 483 2277 24
502 2214 546 2278 26
569 2215 612 2280 28
636 2215 692 2297 36)
710 2221 807 2296 atque
824 2212 937 2278 ordine
953 2212 1095 2298 disponit
1112 2218 1155 2296 (v.
1175 2214 1287 2296 1331),

114 2322 336 2388 Pisthetacrus
366 2321 567 2387 adventicios
595 2328 774 2405 exspectat.
818 2321 847 2384 A
870 2321 935 2386 358
960 2319 1168 2405 Dicaeopolis
1197 2327 1287 2384 trun-

115 2449 197 2513 cum,
222 2448 317 2510 quern
340 2448 402 2492 non
427 2428 521 2509 longe
546 2427 665 2493 afuisse
681 2427 859 2513 putandum
876 2433 936 2510 θεῖ,
952 2426 984 2491 in
999 2426 1139 2491 mediam
1153 2447 1286 2491 scenam

114 2534 253 2620 prolert3
278 2553 382 2615 nequo
399 2533 483 2598 enim
499 2533 707 2618 Dicaeopolis
728 2553 860 2600 scenam
881 2532 1042 2617 relinquit,
1060 2553 1132 2597 curn
1148 2554 1169 2597 a
1185 2532 1286 2597 choro

114 2641 484 2727 praesensappelletur.
872 2646 875 2651 ’

220 2748 271 2812 Ex
303 2747 416 2812 intima
448 2753 517 2812 arte
549 2746 687 2830 scenica,
722 2766 778 2811 cur
808 2765 937 2811 carmen
967 2745 1103 2831 lyricum
1130 2746 1287 2810 inscrtum

115 2857 165 2941 sit,
191 2875 291 2921 causa
314 2853 500 2942 quaerenda
531 2859 594 2938 θεῖ,
626 2853 653 2918 si
683 2873 812 2918 carmen
836 2873 917 2936 rem,
949 2873 1032 2945 quae
1061 2853 1116 2936 agi
1144 2852 1287 2936 fingitur,

116 2982 310 3045 quamquam
337 2981 372 3026 re
402 2981 479 3026 vera
509 2980 572 3025 non
603 2959 724 3044 agitur,
754 2959 846 3041 quasi
874 2960 1060 3042 comitatur,
1090 2979 1152 3041 quo
1182 2959 1287 3024 maior

115 3070 157 3136 sit
187 3068 357 3135 simulatio.
387 3114 428 3122 -
457 3069 483 3132 P
508 3069 572 3133 459
603 3068 702 3132 multo
734 3087 806 3132 cum
839 3067 950 3131 labore
980 3087 1020 3131 ac
1050 3066 1186 3150 strepitu
1215 3067 1287 3131 Pax

116 3197 134 3242 θ
157 3195 288 3240 carcere
311 3175 476 3242 liberatur.
514 3175 624 3240 Raou
648 3195 747 3239 ranae
764 3174 936 3255 Bacchum,
961 3173 1036 3239 dum
1059 3174 1165 3237 lacum
1183 3179 1287 3238 trans-

116 3283 256 3367 vehitur,
287 3282 319 3346 in
350 3302 409 3348 sua
438 3281 605 3367 provincia
639 3287 819 3347 versantem
854 3281 1009 3364 salutant,
1049 3300 1112 3362 quo
1144 3280 1287 3344 carmine

116 3389 220 3473 magis
243 3389 354 3454 vivida
377 3389 503 3474 species
523 3387 768 3454 transvectionis
785 3387 952 3454 efficiatur.
990 3387 1126 3452 vestium
1151 3387 1287 3452 mutatio

117 3497 259 3562 carmine
282 3495 384 3580 lyrico
409 3495 500 3579 quasi
530 3495 653 3560 celatur
676 3495 705 3559 R
728 3495 794 3560 634
813 3525 850 3552 =
869 3495 922 3577 90,
951 3494 1007 3558 ubi
1031 3493 1180 3559 Bacchus
1209 3493 1289 3558 invi-

117 3604 197 3669 dens
227 3602 401 3686 Xanthiae,
433 3602 487 3684 qui
518 3602 666 3668 Herculis
697 3609 787 3667 vestc
814 3600 944 3666 indutus
975 3621 995 3665 a
1025 3621 1118 3666 serva
1148 3600 1289 3683 benigne

116 3710 280 3793 invitatur,
305 3709 452 3775 Herculis
476 3716 600 3775 vestem
624 3709 664 3774 ab
694 3709 748 3773 illo
779 3708 906 3792 repetit.
947 3707 1064 3772 deinde
1088 3729 1109 3773 a
1132 3707 1288 3792 cauponis

117 3819 201 3883 male
225 3823 375 3902 receptus
404 3824 436 3883 et
459 3816 552 3882 minis
580 3836 690 3881 earum
718 3815 907 3900 perterritus
941 3821 983 3899 (v.
1008 3816 1086 3898 511)
1111 3814 1288 3898 persuadet

117 3923 291 4007 Xanthiae,
315 3923 488 3988 utiterum
512 3929 618 3989 vestes
641 3928 773 3988 mutent.

223 4031 360 4097 Carmen
381 4030 518 4115 lyricum
542 4029 679 4096 insertur
709 4029 816 4113 etiam,
848 4028 875 4094 si
905 4049 996 4093 mora
1025 4027 1209 4093 necessaria
1240 4027 1286 4092 rei

118 4138 267 4222 agendae
299 4137 479 4203 intercedit.
526 4139 556 4205 N
582 4138 646 4202 100
679 4135 916 4220 Strepsiadcm,
953 4136 1029 4200 dum
1067 4157 1089 4200 a
1120 4134 1288 4200 cimicibus

123 4247 208 4311 male
231 4251 368 4311 vexatus
392 4244 425 4308 in
446 4244 565 4309 lectulo
590 4243 682 4309 sedet
706 4243 865 4327 cogitans,
897 4242 1013 4308 chorus
1044 4244 1184 4308 carmine
1213 4262 1287 4306 con-

120 4354 235 4419 firmat.
287 4353 315 4416 V
349 4353 411 4418 129
444 4351 563 4417 frustra
598 4350 714 4416 chorus
748 4349 985 4415 Philoclconem
1018 4370 1038 4414 a
1071 4349 1287 4434 Bdelycleone
