2850 4980
582 302 800 367 „45-

119 494 246 571 χώσομεν
279 497 345 571 τοῖς
372 495 473 569 λίθοις
498 525 539 548 =
562 495 628 558 342
651 496 751 559 obruti
774 512 828 559 σοι
858 499 954 575 χαμαὶ
979 500 1029 561 καὶ
1063 500 1106 561 σὺ
1130 498 1272 561 κατάθου

117 601 192 664 πάλιν
213 603 250 663 τὸ
274 601 391 682 ξίφος),
421 606 606 664 tetrameter
636 600 829 685 trochaicus,
862 605 903 667 12
927 604 1050 670 cretici.
1095 614 1145 669 est
1173 604 1272 686 igitur

117 724 227 770 carmen
251 705 413 788 quaedam
436 707 467 772 ἐξ
491 706 620 783 ὁμοίων.
642 747 685 756 --
709 708 855 773 similiter
877 709 976 774 etiam
992 709 1207 794 explicandus
1221 719 1271 774 est

117 812 146 876 l.
165 834 192 878 v.
216 812 313 895 339¹)
336 815 406 876 τίνα
433 813 600 892 πρόφασιν
630 815 712 892 ἔχων
747 835 1014 866 ννννννν
1017 868 1025 897 ,
1056 817 1108 880 cui
1139 835 1271 900 respon·

119 917 176 982 dent
190 918 306 1001 integri
323 918 433 982 cretici
448 940 479 984 v.
496 920 562 984 370
578 920 646 983 ἀλλ’
663 922 760 995 ἔπαγε
775 924 833 999 τήν
848 925 969 996 γνάθον
1005 963 1028 970 -
1042 943 1065 972 υ
1081 944 1125 974 w
1158 963 1184 969 -
1199 943 1221 972 υ
1234 955 1269 998 ῡ.

406 1136 448 1201 lle
471 1136 601 1219 dactylis
625 1135 657 1201 et
680 1135 958 1219 dactylo-epitritis.

204 1273 246 1337 Hi
270 1274 392 1338 numeri
424 1255 568 1355 graviter
600 1279 752 1337 sonantes
784 1281 882 1355 atque
915 1295 935 1338 a
970 1275 1139 1339 comoedia
1172 1275 1270 1338 alieni

118 1379 252 1460 perediae
277 1380 463 1463 plerumque
488 1379 664 1444 inserviunt
680 1379 849 1463 (imprimis
863 1380 1155 1465 dactyloepitritil.
1172 1402 1269 1462 qnam

118 1486 222 1550 etiamsi
256 1493 365 1550 taceat
400 1485 577 1551 scholiasta
612 1485 684 1569 ipsa
719 1486 819 1551 verba
853 1487 997 1552 indicare
1031 1489 1145 1570 solent,
1181 1489 1270 1552 velut

116 1590 290 1678 R814,ubi
314 1593 431 1658 chorus
455 1593 496 1659 de
520 1594 742 1678 magnitudine
767 1595 952 1660 certaminis
975 1597 1058 1660 inter
1071 1597 1269 1680 Aeschylum

116 1704 137 1760 et
155 1699 340 1784 Euripidem
371 1720 445 1764 mox
479 1700 665 1765 instituendi
689 1721 813 1765 summa
837 1722 909 1765 eum
939 1703 1113 1767 severitate
1142 1714 1270 1787 specta-

114 1810 182 1873 tores
205 1808 367 1891 admonet,
392 1816 427 1871 ut
449 1807 620 1891 praeludat
635 1808 728 1889 quasi
743 1809 806 1872 hoc
822 1810 993 1875 carinen'l
1018 1811 1145 1894 epicam
1161 1818 1268 1874 autem

112 1916 273 1978 orationem
297 1922 426 1998 poetam
457 1915 575 1979 imitari
606 1935 646 1979 ex
678 1915 875 1980 hexametris
905 1915 1060 1980 adhibitis
1089 1935 1269 1998 cognoscas

110 2025 194 2103 alque
223 2040 266 2085 ex
296 2020 444 2102 eoquod
477 2021 580 2085 altera
613 2020 740 2104 syllaba
769 2022 859 2086 vocis
888 2023 1091 2100 ἐριβρεμέτας
1120 2030 1164 2105 (v.
1188 2023 1267 2087 814l

106 2128 258 2208 producta
290 2129 379 2211 est.⁸)
413 2129 558 2193 similiter
590 2129 615 2192 P
648 2131 752 2212 114⁴),
786 2130 841 2193 ubi
873 2131 1046 2214 Trygaeus
1078 2130 1110 2193 in
1142 2131 1268 2195 eoelmn

104 2250 288 2302 ascensurus
318 2235 400 2299 litias
430 2235 543 2300 dentes
574 2236 775 2318 consolatum
806 2236 942 2299 Aeolum
971 2235 1182 2320 Euripideum
1211 2256 1268 2300 ex·

104 2342 190 2422 primi
214 2342 390 2408 scholiasta
414 2342 559 2407 adnotat.
595 2342 764 2425 parodiam
781 2362 909 2425 quoque
932 2351 964 2406 et
980 2343 1104 2406 numeri
1119 2350 1153 2406 et
1167 2343 1267 2407 rerba

104 2446 241 2514 indicant
264 2450 293 2512 V
319 2449 414 2532 1518,
438 2456 525 2512 tacet
549 2448 733 2529 scholiasta,
757 2449 812 2512 ubi
836 2449 1033 2513 Philocleoni
1062 2469 1136 2512 cunr
1159 2449 1269 2513 Carci-

104 2558 171 2623 1itis
193 2564 282 2641 (nam
306 2557 387 2621 haee
410 2566 483 2621 sunt
508 2559 718 2634 μεγαλώνυμα
740 2558 834 2620 τέκνα
856 2561 914 2619 τοῦ
937 2559 1120 2620 θαλασσίου
1143 2557 1268 2639 denuit)

104 2666 227 2729 saltanti
255 2664 371 2727 chorus
399 2663 518 2727 accinit
542 2671 573 2726 et
597 2663 667 2747 ipse
691 2664 800 2728 saltat.
839 2663 936 2726 etiam
959 2663 991 2726 in
1015 2663 1166 2746 parabasi
1191 2663 1268 2726 dae-

104 2770 296 2855 pIo-epitriti
328 2790 427 2854 saepe
457 2768 659 2851 adhibentur,
691 2769 745 2833 ubi
776 2769 934 2853 parodiae
962 2769 1052 2833 locus
1082 2769 1268 2853 aptissimus

104 2887 156 2962 st,
190 2879 223 2942 in
251 2879 302 2942 Av
336 2877 386 2958 Eq
414 2877 443 2940 R
471 2877 496 2940 P
524 2875 678 2958 gravitati
701 2876 931 2960 exprimendae
955 2875 1132 2940 inserviunt
1156 2876 1268 2941 xero

104 3016 139 3041 =
155 2986 209 3066 90,
226 2984 281 3049 ubi
296 2983 408 3050 Nubes
425 2983 506 3047 deae
523 3002 648 3047 summa
670 3002 743 3047 curn
759 2982 971 3068 amphtudine
988 3003 1009 3045 a
1023 2983 1160 3047 Socrate
1179 2982 1268 3045 inro-

104 3098 190 3155 ratae
222 3110 347 3155 summa
379 3108 452 3152 cum
484 3088 643 3171 dignitate
675 3087 838 3171 incedunt,
872 3095 907 3152 ut
939 3088 1142 3152 maiestatem
1175 3108 1267 3152 suam

104 3195 278 3262 ostendant.
317 3196 410 3259 simul
436 3194 476 3258 de
503 3193 663 3257 industria
692 3194 815 3258 numeri
845 3214 964 3276 graves
993 3213 1098 3257 ranae
1126 3193 1267 3258 thinm

104 3309 231 3366 naturae
264 3308 485 3385 opponuntur,
523 3320 587 3382 quo
626 3299 709 3365 risus
743 3299 848 3382 magis
886 3308 1064 3365 moveatur.
1119 3299 1265 3363 similiter

104 3407 227 3490 dail,
258 3408 312 3472 ubi
341 3409 530 3487 Praxagora
561 3405 722 3486 quomodo
752 3425 819 3469 rem
849 3405 1011 3488 publicam
1041 3404 1267 3470 administrare

104 3514 174 3578 velit
207 3514 392 3597 expositura
425 3534 445 3576 a
478 3512 575 3576 choro
608 3511 809 3594 admonetur,
845 3510 900 3592 qui
933 3532 991 3594 pro
1026 3512 1072 3575 rei
1105 3513 1266 3594 grauitate

104 3619 380 3705 dactylo-epitritis
404 3620 512 3684 utitur.
544 3657 585 3666 -
617 3618 749 3683 eosdem
772 3639 920 3682 numeros
943 3627 976 3682 et
999 3617 1148 3702 dactylos
1177 3619 1266 3682 inro-

204 3818 226 3882 1)
247 3817 341 3880 Quem
361 3819 472 3871 iniuria
491 3816 666 3870 Dindortins
686 3817 806 3869 delexit.

201 3906 226 3972 Ξ1
245 3906 279 3960 V·
298 3923 348 3976 ng·
367 3906 392 3958 3·

202 3997 225 4062 ³)
246 3995 327 4048 Idem
347 3998 474 4049 recurrit
500 3995 533 4047 R.
553 4011 581 4046 v.
599 3993 666 4059 6803
685 3994 794 4047 deiude
819 3994 876 4048 Ar.
895 4010 924 4046 v.
943 3991 1011 4046 1321
1037 3993 1071 4046 L.
1098 4009 1127 4048 r.
1148 3993 1217 4047 1989
1235 3995 1265 4046 in

104 4095 170 4138 loce
190 4084 398 4150 ἀγανόφρονος
418 4086 451 4138 Β.
470 4102 498 4136 r.
517 4083 733 4137 leonastes
752 4083 803 4150 Eq.
818 4099 837 4133 l·
858 4081 912 4135 298
931 4084 961 4134 in
974 4064 1050 4135 voce
1067 4084 1268 4147 παραβλέπειν,

104 4168 130 4226 ll.
150 4191 178 4228 v.
199 4173 250 4226 ild
268 4175 299 4227 in
320 4190 393 4228 voce
412 4175 519 4238 ἔγνωκε
537 4180 630 4241 atque
650 4175 681 4225 in
700 4173 848 4225 dochmio.

202 4263 226 4328 ⁴)
248 4262 313 4325 Quo
333 4264 370 4317 de
390 4264 523 4317 carmine
542 4264 607 4331 egit
626 4260 657 4314 F.
678 4259 773 4330 Spiro,
791 4260 923 4313 Hermae
941 4260 999 4312 rol
1018 4259 1121 4313 XXIII
1140 4277 1191 4330 pg.
1203 4259 1265 4313 256.

201 4352 224 4416 Ξί)
245 4351 320 4404 Nam
342 4350 499 4404 θαλασσίου
519 4351 664 4404 traditum
682 4355 742 4415 est3
761 4353 831 4402 θεοῦ
850 4348 976 4418 egregiae
995 4350 1072 4401 coni
1103 4348 1265 4418 Bergkius.
