2798 4980
657 296 875 362 ..54-

178 483 229 550 his
260 485 339 550 locis
371 486 493 551 maiore
525 493 612 551 cum'
630 487 760 553 licentia
793 488 940 573 dactylos
979 491 1070 574 (814)
1110 495 1143 554 et
1176 486 1354 554 trochaeos

179 591 258 674 (534
274 624 315 647 =
333 590 388 674 90)
413 591 552 655 carmine
576 593 608 657 ἐξ
632 594 752 671 ὁμοίων
774 594 919 661 includit.

286 694 436 760 Carmina
459 695 607 761 liberiore
630 698 754 762 ratione
778 698 954 783 composita
985 719 1056 763 cum
1080 698 1152 763 aliis
1175 696 1260 763 locis
1285 704 1354 760 tum

178 800 209 864 in
233 801 386 884 parabasi
410 801 621 886 inveniuntur,
646 804 700 867 ubi
724 813 830 888 poeta,
855 825 927 868 cum
950 825 1074 870 summa
1098 803 1251 869 libertate
1283 808 1352 865 ute·v
1390 840 1395 941 ,

178 915 273 991 retur,
307 908 425 973 liberas
459 930 586 991 quoque
624 911 743 976 formas
785 911 940 977 adhibuit.
987 918 1159 996 praeterea
1198 909 1352 974 liberiore

178 1015 389 1099 componendi
412 1014 537 1080 ratione
560 1023 658 1101 poeta
681 1018 713 1081 in
737 1018 894 1084 monodiis
923 1024 1084 1102 ususest,
1113 1016 1201 1099 quod
1225 1016 1270 1080 ad
1295 1037 1351 1078 na-

177 1126 281 1183 turam
305 1119 417 1184 horum
442 1121 627 1206 carminum,
653 1124 768 1205 quibus
784 1123 955 1189 vehemens
977 1123 1074 1187 animi
1095 1123 1193 1187 motio
1211 1120 1351 1206 exprimi

177 1226 267 1310 solet,
293 1233 324 1291 et
348 1227 390 1291 ad
414 1229 618 1311 tragoediam
642 1230 830 1295 imitandam
854 1231 1053 1316 aptissimum
1078 1236 1158 1295 erat.
1206 1229 1258 1294 Av
1284 1229 1349 1292 227

177 1332 291 1398 avibus
330 1333 556 1400 diversissimis
595 1337 735 1423 undique
777 1336 992 1403 convocandis
1035 1336 1157 1402 liberae
1197 1334 1351 1399 carminis

175 1439 297 1505 formae
322 1440 442 1525 optime
466 1442 669 1510 conveniunt.

282 1547 414 1614 Numeri
437 1548 561 1633 primae
578 1549 705 1631 quidem
727 1550 856 1615 fabulae
879 1549 1032 1634 perpauci
1057 1570 1096 1613 ac
1120 1546 1374 1632 simplicissimi,

53 1640 56 1647 ¹
176 1659 258 1719 sunt.
305 1675 379 1718 nam
412 1655 522 1720 cretici
555 1662 587 1720 et
616 1655 714 1720 iambi
744 1657 804 1722 soli
834 1677 938 1741 paene
968 1655 1106 1725 necdum
1139 1653 1286 1720 trochaei
1317 1653 1353 1716 in

179 1760 205 1824 A
219 1759 431 1827 inveniuntur.
446 1762 550 1827 minus
566 1763 747 1844 frequentes
764 1763 873 1828 cretici
889 1763 920 1827 in
936 1764 986 1845 Eq
1008 1768 1090 1846 suut,
1108 1760 1233 1826 ¹deinde
1249 1759 1353 1825 valde

176 1875 357 1951 rarescunt;
391 1867 423 1930 in
458 1867 485 1932 L
517 1868 558 1932 de
585 1869 743 1934 industria
776 1876 972 1954 repetuntur,
996 1868 1054 1934 sed
1078 1867 1227 1933 liberiore
1250 1865 1353 1930 modo

176 1972 357 2058 compositi3
383 1975 541 2040 accedunt
558 1975 641 2040 enim
657 1974 801 2040 trochaei
824 1982 856 2040 et
872 1975 1052 2060 anapaesti.
1082 1973 1221 2039 dediscit
1237 1973 1353 2058 igitur,

174 2088 209 2146 ut
232 2080 278 2146 ita
302 2081 418 2166 dicam,
444 2082 501 2148 hos
524 2103 672 2148 numeros
695 2089 802 2168 poeta.
849 2083 906 2149 sed
929 2103 1029 2148 novos
1053 2081 1211 2147 addiscit:
1236 2082 1354 2165 glyco-

174 2208 251 2253 neos
287 2194 384 2270 atque
417 2209 473 2254 eos
507 2188 656 2254 liberiore
694 2190 790 2254 modo
829 2189 1038 2274 compositos,
1070 2189 1157 2252 velut
1188 2189 1216 2252 T
1250 2187 1353 2270 1136,

174 2294 327 2378 dactylos
353 2302 385 2359 et
413 2295 721 2381 dactylo-epitritos
760 2316 815 2361 eos
851 2316 1000 2360 numeros
1036 2294 1089 2376 qui
1124 2294 1157 2359 in
1186 2293 1353 2359 monodiis

174 2400 321 2466 adhiberi
345 2403 457 2486 solent,
482 2404 570 2467 velut
593 2403 772 2488 anapaesti.

281 2507 352 2584 Quo
379 2507 483 2592 magis
513 2508 611 2592 igitur
641 2509 763 2573 numeri
794 2507 983 2574 excoluntur
1014 2514 1047 2572 et
1076 2506 1248 2571 monodiae
1281 2526 1352 2570 cre-

174 2614 334 2696 brescunt,
359 2633 397 2678 eo
420 2611 586 2678 liberiores
610 2613 822 2698 componendi
838 2613 960 2678 formae
983 2619 1117 2697 apoeta
1140 2611 1350 2678 adhibentur.
1391 2663 1393 2668 .

115 2760 119 2766 -
173 2717 339 2802 fastigium
362 2738 454 2784 suum
477 2718 600 2784 musica
624 2719 769 2784 ascendit
792 2719 876 2783 inT
906 2725 938 2784 et
961 2720 1000 2802 R,
1032 2718 1149 2784 deinde
1173 2717 1236 2783 cito
1266 2720 1351 2783 rela-

174 2825 269 2890 bitur.
305 2825 478 2903 sedetiam
502 2824 617 2890 chorus
633 2826 730 2910 plane
747 2825 920 2908 evanescit,
946 2825 1065 2909 quippe
1088 2824 1132 2890 ad
1155 2845 1223 2889 rem
1247 2845 1350 2907 agen-

174 2930 250 2996 dam
273 2952 336 2995 non
359 2931 424 2995 iam
447 2931 662 3015 necessarius3
694 2951 753 2995 nec
782 2931 837 2995 diu
866 2931 1034 2996 comoedia
1058 2929 1230 3012 quicquam
1259 2931 1350 3012 quod

174 3037 290 3103 nullius
318 3037 382 3102 iam
410 3036 561 3102 momenti
585 3045 669 3103 esset
692 3038 835 3102 inutilem
860 3044 1024 3119 tamquam
1048 3038 1164 3101 molem
1191 3036 1349 3104 servavit.

279 3143 501 3226 Antiquiorem
524 3151 632 3209 autem
656 3143 763 3209 stilum
786 3153 902 3229 poetae
927 3165 945 3208 e
969 3144 1096 3208 duabus
1119 3143 1239 3208 fabulis
1264 3145 1294 3210 Α
1317 3151 1351 3208 et

54 3261 57 3266 ’
173 3251 200 3316 L
236 3271 424 3334 cognoscas.
471 3259 584 3315 contra
618 3252 649 3316 N
683 3251 770 3315 haud
806 3271 877 3316 raro
913 3251 1124 3341 posteriorum
1162 3251 1351 3316 fabularum

174 3358 356 3441 exemplum
386 3365 572 3440 sequuntur,
603 3357 679 3440 quia
709 3357 823 3422 iterum
853 3364 959 3439 atque·
981 3357 1095 3421 iterum
1126 3356 1208 3422 haec
1234 3357 1352 3422 fabula

173 3464 443 3549 pertractabatur.
490 3465 574 3532 Nam
608 3466 746 3539 maxime
770 3485 841 3529 eam
866 3484 962 3529 curae
992 3471 1089 3546 atque
1122 3463 1212 3529 cordi
1244 3463 1351 3531 fuisse

174 3577 291 3656 poetae
314 3571 471 3637 novimus.
517 3571 560 3636 Et
583 3572 727 3656 profecto
759 3571 830 3652 quis
859 3577 918 3654 est,
950 3571 1026 3653 quin
1057 3570 1165 3635 doleat
1195 3569 1229 3634 id
1258 3571 1352 3653 quod

173 3677 243 3762 ipse
268 3676 380 3759 edidit,
405 3677 447 3741 ad
472 3676 558 3758 quod
582 3697 739 3742 summum
763 3675 904 3742 studium
920 3683 1017 3757 atque
1039 3676 1184 3740 laborem
1200 3675 1351 3761 contulit,

173 3783 272 3848 iudici
297 3784 485 3868 displicere,
511 3783 586 3866 quin
610 3783 783 3848 maximam
814 3803 945 3867 operam
974 3783 1043 3867 det,
1073 3789 1108 3847 ut
1139 3782 1283 3866 corrigat
1309 3803 1354 3848 ac

174 3890 288 3955 melius
312 3890 429 3954 reddat
453 3889 479 3955 si
503 3890 581 3971 quid
604 3889 707 3955 minus
729 3890 902 3974 probatum
926 3888 981 3955 sit!

281 4050 364 4114 Huic
393 4071 469 4116 vero
499 4051 607 4115 libello
631 4052 772 4135 perbene
802 4049 946 4132 contigit,
978 4049 1064 4131 quod
1096 4049 1236 4133 Georgio
1269 4048 1354 4114 Kai-

175 4156 259 4221 belio
283 4163 413 4221 auctore
445 4164 476 4221 et
500 4156 582 4221 duce
612 4157 771 4239 utebatur,
803 4155 854 4220 cui
882 4176 1022 4223 summas
1046 4155 1167 4238 gratias
1197 4163 1229 4220 et
1260 4175 1354 4220 nunc

176 4271 207 4327 et
231 4283 357 4347 semper
380 4283 442 4345 ago
467 4270 564 4345 atque
588 4262 734 4328 referam.
