2798 4980
587 299 806 369 ..197-

210 489 285 558 Nec
308 495 423 561 mirum
447 517 518 562 osse
537 504 655 581 potest
680 497 931 581 Aristophanem
963 495 1098 580 iambos,
1130 497 1185 578 qui
1216 515 1285 561 car-

109 597 245 664 minibus
280 602 493 687 popularibus
526 609 558 667 et
591 602 783 686 sacralibus,
817 621 898 683 quos
931 600 1063 683 quidem
1093 601 1285 667 'comoediae

110 708 212 771 fontes
238 725 311 773 esse
336 709 554 792 cognovimus,
586 707 706 792 proprii
736 717 820 792 sunt,
851 707 974 772 formae
1002 706 1049 782 illi
1080 707 1228 774 carminis
1252 709 1285 773 ἐξ

111 815 230 894 ὁμοίων
255 815 529 900 accommodasse,
554 835 651 897 quam
674 822 706 880 et
729 814 834 899 ipsam
858 821 999 880 vetarem
1023 820 1122 895 atque
1146 834 1186 878 ex
1211 814 1285 899 ipsa

111 920 200 1007 poesi
224 921 376 1007 populari
399 921 570 1007 repetitam
594 941 665 986 esse
689 941 764 986 mox
788 920 979 986 videbimus.
1026 921 1054 984 A
1079 921 1144 986 836
1168 927 1283 1003 quater

111 1030 249 1095 4·4·6·
273 1029 372 1094 iambi
396 1029 566 1094 subiuncta
589 1028 736 1093 clausula
759 1027 892 1112 aeolica,
918 1026 958 1093 de
983 1046 1047 1109 qua
1071 1027 1154 1091 infra
1177 1048 1286 1111 agam,

111 1138 139 1201 R
162 1138 230 1203 384
254 1137 303 1202 bis
327 1136 434 1219 bd»,
458 1136 487 1200 R
510 1136 576 1200 395
599 1142 648 1200 ter
672 1135 809 1199 3·3·o·
834 1134 1002 1200 subiuncto
1027 1133 1171 1198 trimetro
1193 1133 1285 1215 quasi

111 1245 268 1329 clausula,
299 1246 328 1310 R
357 1246 422 1309 416
454 1244 554 1309 octies
584 1245 713 1329 2·2·3,
744 1244 861 1308 Tace
892 1243 941 1308 bis
974 1244 1015 1308 6·
1044 1263 1116 1308 cum
1140 1241 1286 1307 clausula

110 1351 237 1416 aeolica
265 1357 298 1415 et
320 1351 476 1435 2·2·5·,
496 1350 530 1416 N
556 1350 641 1414 1345
664 1356 714 1414 ter
737 1349 757 1412 3
782 1368 854 1414 cum
878 1349 1024 1414 clausula
1047 1348 1172 1413 aeolica
1194 1367 1285 1432 repe-

109 1463 222 1522 tuntur
260 1457 369 1523 iambi.
404 1495 445 1505 —
478 1456 511 1520 in
544 1456 684 1521 carmine
718 1455 834 1520 sacrali
869 1463 968 1538 atque
1005 1475 1043 1520 eo
1075 1455 1285 1540 potissimum,

109 1564 200 1645 quod
216 1563 336 1628 Bacchi
359 1563 391 1626 in
408 1562 560 1650 honorem
580 1569 738 1646 cantatur,
762 1561 860 1626 iambi
886 1561 1090 1627 inveniuntur
1113 1561 1146 1625 in
1162 1559 1286 1645 parodo

108 1671 288 1755 Ranarum,
313 1690 377 1752 qua
400 1668 566 1735 Eleusinia
589 1675 687 1753 poeta
709 1668 862 1743 imitatus
879 1675 938 1735 cst.
984 1666 1100 1732 iambis
1129 1668 1225 1732 etiam
1249 1669 1286 1731 τὸ

109 1780 268 1856 φαλλικὸν
303 1782 492 1861 conceptum
526 1787 588 1860 est,
623 1775 708 1857 quod
747 1777 775 1839 A
810 1775 875 1839 263
912 1773 1119 1859 Dicaeopolis
1153 1773 1287 1838 'Baccho

108 1904 266 1968 pompam
289 1903 390 1967 agens
415 1881 578 1947 decantat.
645 1936 647 1939 ,

221 1991 429 2056 Inveniuntur
452 1997 559 2055 autern
584 1989 693 2072 iambi,
711 1989 831 2075 quippe
848 1989 904 2071 qui
917 1989 1039 2071 numeri
1064 1986 1287 2054 sint'maxime

109 2098 275 2181 vulgares
301 2096 447 2161 omnibus
469 2096 599 2160 fabulae
623 2095 702 2159 locis
731 2101 860 2180 praeter
890 2094 1049 2179 paredum
1080 2094 1219 2160 exodum
1246 2140 1286 2148 .-

109 2224 219 2286 ncque
243 2203 327 2269 enim
351 2202 394 2267 ad
418 2201 631 2268 incedendum
656 2202 724 2286 apti
748 2209 822 2267 srrnt
844 2214 878 2253 -'
898 2202 1084 2287 parabasin.
1131 2202 1231 2268 semel
1255 2201 1288 2265 in

109 2311 238 2395 parodo
261 2309 465 2374 inveniuntur
487 2308 639 2393 L256.¹)

221 2420 387 2482 Postremo
412 2437 517 2501 pauoa
534 2414 816 2500 dc-Aristophanis
839 2415 965 2495 iambos
988 2414 1147 2480 formandi
1164 2414 1288 2480 ratione

111 2525 237 2590 addere
267 2524 373 2589 liceat.
419 2522 452 2587 in
482 2523 622 2588 catalcxi
657 2523 784 2588 iambus
818 2522 944 2607 integer
982 2518 1109 2607 semper
1140 2529 1287 2588 servatus

112 2638 164 2697 cst
195 2630 301 2716 prima
337 2631 465 2714 syllaba
507 2631 598 2695 brevi
647 2640 746 2696 υ-Ξ.
802 2630 854 2694 cui
892 2630 958 2714 legi
997 2631 1127 2696 obstare
1162 2629 1290 2694 videtur

113 2739 153 2804 T.
179 2759 209 2804 v.
234 2738 309 2821 987,
334 2736 388 2801 ubi
412 2736 444 2799 in
467 2756 547 2801 voce
572 2736 698 2815 Βάκχειε
729 2735 834 2819 prima
863 2735 996 2818 incerta,
1026 2736 1059 2799 in
1090 2755 1168 2801 voce
1193 2737 1290 2810 αὐτὸς

111 2863 288 2929 suppressa
312 2851 371 2908 est.
407 2841 466 2907 sed
489 2849 575 2907 totus
600 2840 652 2906 hic
674 2842 764 2906 locus
788 2842 884 2919 valde
908 2848 1077 2926 corruptus
1102 2848 1159 2909 est.
1190 2841 1290 2907 thesis

112 2951 293 3015 alterautra
326 2969 501 3034 suppressa
524 2948 702 3033 aproprium
737 2969 850 3014 versus
881 2969 994 3014 sonum
1008 3030 1011 3034 Α
1026 2949 1132 3015 efficit.
1186 2948 1290 3033 prima

112 3056 199 3122 enim
235 3056 422 3142 paenultimi
455 3056 547 3121 metri
584 3056 713 3140 syllaba
752 3075 927 3141 suppressa
965 3056 998 3121 in
1036 3054 1171 3140 periodo
1203 3062 1291 3120 cata-

112 3163 231 3228 lectica
268 3162 473 3247 ithyphallici
520 3187 820 3214 ---------
830 3173 871 3247 Ξ,
906 3162 939 3227 in
968 3161 1103 3248 periodo
1131 3162 1291 3227 acatalec-

112 3269 181 3335 tica
210 3269 338 3334 dimetri
367 3269 521 3334 trochaici
559 3294 921 3323 -----------
952 3267 1132 3334 catalectici
1162 3269 1290 3354 species

114 3375 260 3441 efficitur.
276 3435 277 3440 ,
294 3375 481 3460 saepissime
511 3376 615 3461 prima
645 3377 743 3442 totius
771 3376 898 3463 periodi
929 3376 1087 3442 iambioae
1115 3394 1292 3461 suppressa

113 3490 174 3568 est,
200 3483 287 3547 velut
317 3483 350 3547 in
380 3483 520 3548 carmine
548 3484 578 3548 R
603 3485 678 3550 209.
726 3483 861 3549 duorum
892 3484 943 3551 vel
974 3483 1184 3568 complurium
1214 3483 1291 3547 iam-

113 3590 239 3675 borum,
264 3589 317 3672 qui
341 3590 434 3655 iuxta
462 3591 559 3675 positi
590 3598 672 3675 sunt,
705 3591 810 3676 prima
840 3612 969 3674 quaque
999 3610 1175 3676 suppressa
1199 3591 1292 3656 creti-

114 3716 226 3762 corum
259 3695 384 3780 species
417 3696 570 3781 efficitur,
605 3697 694 3762 velut
728 3697 789 3764 Av.
825 3717 854 3763 v.
890 3698 1045 3762 410-12
1073 3728 1113 3758 =
1144 3698 1292 3764 13-15:

112 3804 190 3883 τύχη
226 3807 262 3867 δὲ
301 3805 377 3868 ποία
417 3805 534 3882 κομίζει
570 3804 639 3868 ποτ’
681 3808 768 3869 αὐτὼ
814 3807 895 3884 πρὸς
930 3803 1062 3883 ὄρνιθας
1096 3806 1213 3879 ἐλθεῑν;
1249 3847 1293 3856 -

114 3912 200 3990 ἔρως
223 3910 264 3977 cf.
288 3911 316 3974 Ε
340 3911 404 3976 952
423 3918 490 3997 (pg.
510 3913 575 3995 18).
610 3913 713 3978 altera
736 3913 834 3978 iambi
859 3913 942 3978 thesi
966 3933 1144 3997 suppressa
1166 3912 1293 3977 bacchii

225 4093 247 4152 1)
267 4089 301 4146 V.
322 4089 372 4144 atr
393 4106 436 4160 sq.
469 4092 604 4162 corrupti
623 4097 703 4146 sunt.
735 4093 864 4147 fortasse
884 4092 1076 4167 scribendum
1097 4097 1142 4146 est

476 4178 564 4233 θῶπλ’
584 4182 675 4248 ᾤχετο
695 4182 843 4248 παραδοὺς
862 4180 923 4246 ἐμοὶ

475 4270 593 4335 σμικρὸν
612 4270 687 4335 ἔχων
705 4270 862 4335 τριβώνιον,

112 4364 152 4413 ut
173 4359 258 4412 initio
279 4374 305 4412 v.
325 4357 378 4412 278
398 4359 516 4412 iambus
537 4360 756 4414 anaclomenus
777 4361 990 4428 (choriambus)
1011 4362 1058 4415 sit.
1149 4396 1154 4406 ·

1188 4464 1222 4525 2*
