2798 4980
586 306 804 376 ,16-

111 504 198 589 quod
221 506 355 571 recurrit
378 513 476 588 atque
497 506 532 570 id
555 507 587 573 ἐξ
611 506 731 584 ὁμοίων
754 507 780 570 Ρ
803 506 899 572 1329.
938 513 1036 594 atque
1060 525 1103 571 ex
1128 501 1211 588 ipsis
1233 501 1273 569 his

111 612 237 678 duobus
271 612 457 678 comoediae
491 612 632 678 fontibus
667 653 711 663 -
746 632 875 678 carmen
912 613 1038 679 saerale
1073 611 1150 676 dieo
1187 617 1274 692 atque

109 720 264 803 imprimis
293 718 327 782 id
357 718 444 800 quod
468 719 588 783 Bacchi
618 719 650 783 in
682 718 833 784 honorem
863 720 1057 784 cantabatur
1087 725 1121 784 et
1152 736 1275 782 carmen

91 825 267 910 ‘populare
298 871 338 880 -
371 825 526 890 rationem
557 825 645 890 illam
675 826 819 890 earmina
850 828 882 893 ἐξ
912 826 1033 903 ὁμοίων
1066 823 1276 908 componendi

109 931 242 998 fluxisse
264 931 347 996 inter
370 951 480 996 omnes
499 938 647 998 constare
663 932 740 997 mihi
756 932 925 1015 videtur¹).
964 931 1006 996 ad
1024 930 1157 998 eosdem
1179 929 1276 996 fontes

110 1037 296 1104 referendos
320 1058 390 1104 esse
406 1045 484 1123 puto
503 1059 614 1105 versus
637 1039 709 1105 illos
725 1039 900 1124 breviores,
918 1059 998 1121 qrros
1020 1040 1104 1104 inter
1118 1036 1277 1121 longiores

109 1145 261 1231 periodos
291 1166 364 1210 cum
393 1147 475 1211 alias
505 1152 572 1210 tum
602 1147 634 1210 in
664 1147 805 1211 carmine
836 1148 868 1212 ἐξ
898 1149 1019 1225 ὁμοίων
1049 1147 1147 1212 inseri
1179 1144 1277 1210 solere

110 1252 258 1318 vidimus.
298 1251 346 1317 ad
365 1252 495 1317 eosdem
518 1252 623 1317 fontes
647 1252 719 1317 illos
743 1252 838 1337 redit,
861 1253 947 1335 quod
968 1252 1130 1319 interdum
1152 1249 1279 1316 ultimus

110 1361 265 1441 cuiusque
288 1358 441 1443 strophae
464 1378 577 1424 versus
609 1358 695 1423 idem
726 1366 900 1444 repetatur,
933 1379 1028 1441 quem
1061 1379 1119 1424 nos
1144 1355 1279 1422 dicimus

108 1465 269 1549 ‘Refrain',
300 1467 388 1529 velut
417 1466 446 1529 R
477 1466 558 1531 399:
587 1466 686 1545 Ἴακχε
725 1467 936 1545 φιλοχορευτὰ
973 1465 1207 1543 συμπρόπεμπέ
1239 1485 1279 1542 με.

110 1573 195 1637 idem
226 1572 277 1637 bis
307 1571 447 1636 occurrit
475 1571 507 1635 in
537 1571 826 1656 paraclausithyris
857 1571 920 1636 illis
949 1570 978 1635 Ε
1008 1593 1039 1637 v.
1071 1571 1135 1636 958
1168 1589 1218 1652 sq.
1246 1601 1278 1629 =

111 1680 176 1744 966
199 1699 247 1760 sq.
272 1699 301 1742 v.
326 1678 540 1762 971=975‚
565 1698 649 1760 quae
680 1678 826 1762 proxime
857 1676 900 1742 ad
931 1677 1075 1742 earmina
1106 1678 1138 1742 ἐξ
1164 1677 1282 1754 ὁμοίων

111 1783 270 1850 accedunt
292 1790 325 1848 et
341 1804 472 1868 prorsus
490 1803 593 1869 paene
609 1783 649 1849 iis
665 1783 850 1849 addicenda
865 1804 936 1849 esse
953 1783 1112 1849 videntur.
1141 1784 1282 1848 recurrit

111 1911 237 1976 semper
271 1889 303 1954 in
339 1891 533 1956 carminibus
567 1890 780 1975 nuptialibus,
821 1890 876 1955 ubi
913 1890 946 1954 in
980 1890 1042 1954 fine
1077 1890 1282 1974 stropharum

111 1997 326 2083 epiphonema
349 1997 428 2061 illud
452 1996 592 2082 additur,
610 2018 673 2080 quo
693 1998 870 2082 appellatio
888 1998 1067 2082 Hymenaei
1091 1997 1282 2080 continetur,

111 2105 180 2170 sive
203 2104 341 2188 simplex
364 2104 432 2169 sive
456 2104 664 2187 geminatum.

172 2269 186 2278 ..
217 2211 364 2291 Denique
395 2216 524 2275 carmen
561 2213 593 2277 ἐξ
623 2212 744 2289 ὁμοίων
774 2211 817 2276 ad
849 2212 1026 2276 amoebaea
1059 2211 1284 2296 componenda

111 2316 312 2400 aptissimum
346 2337 418 2382 esse
451 2317 642 2382 monendum
676 2325 735 2401 est,
769 2317 855 2399 quod
889 2338 930 2382 ex
963 2318 1013 2383 his
1045 2319 1124 2383 loeis
1149 2318 1284 2401 colligas

112 2425 141 2487 A
170 2425 235 2489 939
269 2424 320 2505 Eq
353 2427 435 2489 1111
473 2426 498 2488 P
531 2425 615 2489 1329
650 2425 679 2495 R
709 2425 791 2509 430,
828 2425 882 2489 ubi
919 2426 1016 2489 etiam
1052 2445 1116 2490 una
1151 2425 1285 2510 stropha

113 2536 156 2615 (v.
180 2531 347 2614 437-39)
372 2529 454 2595 inter
477 2528 558 2595 duos
575 2537 701 2595 actores
725 2529 898 2596 distributa
915 2537 973 2615 est,
998 2552 1094 2614 quarn
1119 2532 1284 2597 licentiam
1322 2528 1324 2561 ²

112 2637 145 2701 in
167 2638 230 2703 tine
253 2637 351 2702 totius
376 2622 525 2702 carminis
550 2645 667 2721 poetae
690 2637 817 2703 facilius
840 2637 1002 2721 ignosces.

220 2745 257 2806 ln
280 2741 450 2825 tragoedia
473 2763 602 2808 carmen
619 2745 650 2810 ἐξ
667 2744 788 2822 ὁμοίων
807 2765 870 2808 non
893 2744 1062 2828 reperitur.
1101 2744 1159 2809 sed
1177 2751 1286 2810 exstat

112 2852 145 2922 in
161 2850 244 2915 ludo
269 2850 421 2934 satyrico,
447 2850 501 2932 qui
525 2851 567 2925 ad
592 2851 791 2917 comoediam
815 2852 946 2937 propius
970 2851 1108 2936 accedit,
1137 2853 1170 2916 in
1194 2852 1287 2916 Euri-

113 2957 201 3042 pidis
229 2957 373 3041 Cyclope
402 2958 468 3022 496
499 2977 629 3022 carmen
652 2959 754 3023 trium
782 2958 987 3043 stropharum
1017 2959 1177 3025 similium.
1226 2979 1287 3023 nee

113 3062 324 3129 omittendum
348 3073 397 3130 est
419 3064 541 3129 Bacchi
565 3065 597 3129 in
620 3065 774 3130 honorem
798 3072 973 3150 cantatum,
1003 3065 1035 3129 in
1065 3066 1138 3150 ipsa
1161 3066 1286 3150 fabula,

114 3190 198 3254 quae
221 3177 290 3235 tota
318 3170 440 3235 Bacchi
470 3171 654 3236 memoriam
685 3192 812 3256 semper
842 3179 986 3254 renovat,
1017 3171 1156 3256 positum
1187 3180 1287 3255 atque

113 3279 324 3343 amoebaeum
349 3298 420 3343 esse
445 3279 505 3344 hoc
529 3298 668 3347 carmen.
725 3328 726 3331 η

220 3383 379 3461 Quoniam
403 3383 445 3449 de
475 3385 573 3450 variis
603 3386 753 3451 carminis
783 3386 876 3471 lyrici
906 3386 1079 3469 generibus
1116 3393 1215 3468 atque
1247 3387 1289 3452 de

113 3491 237 3555 ratione
262 3490 652 3577 componendidiximus
684 3513 768 3558 nune
799 3492 839 3558 de
870 3494 1025 3559 numeris¹
1042 3494 1158 3575 quibus
1189 3501 1290 3578 poeta

115 3607 147 3664 et
171 3599 330 3681 quomodo
354 3615 431 3665 usus
454 3597 496 3664 sit
519 3620 732 3685 exponamus,
764 3608 800 3665 ut
822 3607 891 3666 tota
915 3609 1012 3684 atquc
1043 3603 1187 3688 perfecta
1219 3622 1290 3666 car-

114 3706 207 3771 minis
231 3706 323 3790 lyriei
348 3706 575 3791 Aristophanei
600 3708 707 3791 imago
732 3708 942 3793 exprimatur.

222 3815 269 3877 Ac
293 3814 428 3899 primum
453 3815 583 3897 quidem
608 3835 743 3899 agaunis

536 3976 538 3981 ¹
609 3999 654 4063 lle
676 3998 792 4064 iambis.

119 4159 120 4162 κ
158 4200 160 4207 Ι
223 4117 336 4202 lambi,
361 4137 441 4199 quos
465 4117 681 4202 principatum
712 4120 850 4182 omnium
877 4129 1084 4185 ‘numerorum
1116 4125 1225 4184 tenere
1251 4140 1291 4184 ae

117 4220 221 4308 paene
235 4243 375 4316 *nervum
399 4224 501 4290 omnis
517 4242 653 4309 poeseos
676 4216 797 4317 lyricae
816 4245 886 4290 esse
903 4247 1006 4312 nuper
1022 4225 1291 4291 Wilamowitzius

117 4333 328 4343 --—·-—....-—..

224 4370 245 4436 1)
267 4367 309 4422 Cf.
321 4368 543 4422 Wilamowitzii
557 4385 660 4424 comrn.
675 4369 1166 4442 0011116001.(1011100189516)
1179 4387 1230 4441 pgr.
1245 4371 1290 4424 31.
